@ARTICLE{MoroNguyenPeraire11,
	author = {Moro, D. and Nguyen, N.~C. and Peraire, J.},
	title = {A hybridized discontinuous Petrov-Galerkin scheme for scalar
    conservation laws},
	journal = {Int. J. Meth. Eng.},
	year = {2011},
}

@TECHREPORT{ChanHeuerThanhDemkowicz2012,
  author = {J. Chan and N. Heuer and T. Bui-Thanh and L. Demkowicz},
  title = {Robust {DPG} method for convection-dominated diffusion problems
    {I}{I}:
    {A} natural inflow condition},
  institution = {ICES},
  year = {2012},
  number = {21}
}

@TECHREPORT{EllisDemkowiczChan2013,
  author = {T. Ellis and L. Demkowicz and J. Chan},
  title = {Locally Conservative Discontinuous Petrov-Galerkin Finite
Elements for Fluid Problems},
  institution = {ICES},
  year = {2013},
  number = {xx}
}
