@incollection{Carter1973,
    author = {Carter, JamesE},
    booktitle = {Proceedings of the Third International Conference on Numerical Methods in Fluid Mechanics},
    citeulike-article-id = {12922010},
    citeulike-linkout-0 = {http://dx.doi.org/10.1007/bfb0112678},
    citeulike-linkout-1 = {http://link.springer.com/chapter/10.1007/BFb0112678},
    doi = {10.1007/bfb0112678},
    editor = {Cabannes, Henri and Temam, Roger},
    pages = {69--78},
    posted-at = {2014-01-15 17:26:00},
    priority = {2},
    publisher = {Springer Berlin Heidelberg},
    series = {Lecture Notes in Physics},
    title = {Numerical solutions of the supersonic, laminar flow over a two-dimensional compression corner},
    url = {http://dx.doi.org/10.1007/bfb0112678},
    volume = {19},
    year = {1973}
}

@phdthesis{KirkDissertation,
    author = {Kirk, Benjamin},
    citeulike-article-id = {12921981},
    institution = {Computational and Applied Mathematics},
    posted-at = {2014-01-15 16:52:18},
    priority = {2},
    school = {University of Texas at Austin},
    title = {Adaptive Finite Element Simulation of Flow and Transport Applications on Parallel Computers},
    year = {2009}
}

@article{Burgers2D,
    abstract = {In this paper, the discrete Adomian decomposition method (ADM) is proposed to numerically solve the two-dimensional Burgers' nonlinear difference equations. Two test problems are considered to illustrate the accuracy of the proposed discrete decomposition method. It is shown that the numerical results are in good agreement with the exact solutions for each problem.},
    author = {Zhu, Hongqing and Shu, Huazhong and Ding, Meiyu},
    citeulike-article-id = {7397155},
    citeulike-linkout-0 = {http://dx.doi.org/10.1016/j.camwa.2010.05.031},
    day = {15},
    doi = {10.1016/j.camwa.2010.05.031},
    issn = {08981221},
    journal = {Computers \& Mathematics with Applications},
    month = aug,
    number = {3},
    pages = {840--848},
    posted-at = {2014-01-02 22:20:49},
    priority = {2},
    title = {Numerical solutions of two-dimensional Burgers' equations by discrete Adomian decomposition method},
    url = {http://dx.doi.org/10.1016/j.camwa.2010.05.031},
    volume = {60},
    year = {2010}
}

@article{Bijl2002,
    author = {Bijl, Hester and Carpenter, Mark H. and Vatsa, Veer N. and Kennedy, Christopher A.},
    citeulike-article-id = {10785709},
    citeulike-linkout-0 = {http://dx.doi.org/10.1006/jcph.2002.7059},
    doi = {10.1006/jcph.2002.7059},
    issn = {00219991},
    journal = {Journal of Computational Physics},
    month = jun,
    number = {1},
    pages = {313--329},
    posted-at = {2014-01-02 18:02:10},
    priority = {0},
    title = {Implicit Time Integration Schemes for the Unsteady Compressible Navier–Stokes Equations: Laminar Flow},
    url = {http://dx.doi.org/10.1006/jcph.2002.7059},
    volume = {179},
    year = {2002}
}

@techreport{Ellis2013Report,
    author = {Ellis, Truman E. and Demkowicz, Leszek F. and Chan, Jesse L.},
    citeulike-article-id = {12859367},
    institution = {ICES},
    month = dec,
    posted-at = {2013-12-23 20:58:51},
    priority = {2},
    title = {Locally Conservative Discontinuous Petrov-Galerkin Finite Elements For Fluid Problems},
    year = {2013}
}

@phdthesis{NateDissertation,
    author = {Roberts, Nathan V.},
    citeulike-article-id = {12857052},
    posted-at = {2013-12-19 22:58:59},
    priority = {2},
    school = {University of Texas at Austin},
    title = {A Discontinuous {P}etrov-{G}alerkin Methodology for Incompressible Flow Problems},
    year = {2013}
}

@phdthesis{JesseDissertation,
    author = {Chan, Jesse L.},
    citeulike-article-id = {12857049},
    posted-at = {2013-12-19 22:56:55},
    priority = {2},
    school = {University of Texas at Austin},
    title = {A {DPG} Method for Convection-Diffusion Problems},
    year = {2013}
}

@article{Klaij2006,
    abstract = {A space-time discontinuous Galerkin finite element method for the compressible Navier-Stokes equations is presented. We explain the space-time setting, derive the weak formulation and discuss our choices for the numerical fluxes. The resulting numerical method allows local grid adaptation as well as moving and deforming boundaries, which we illustrate by computing the flow around a 3D delta wing on an adapted mesh and by simulating the dynamic stall phenomenon of a 2D airfoil in rapid pitch-up maneuver.},
    address = {San Diego, CA, USA},
    author = {Klaij, C. M. and van der Vegt, J. J. W. and van der Ven, H.},
    citeulike-article-id = {12851481},
    citeulike-linkout-0 = {http://portal.acm.org/citation.cfm?id=1217520.1217535},
    citeulike-linkout-1 = {http://dx.doi.org/10.1016/j.jcp.2006.01.018},
    doi = {10.1016/j.jcp.2006.01.018},
    issn = {0021-9991},
    journal = {J. Comput. Phys.},
    month = sep,
    number = {2},
    pages = {589--611},
    posted-at = {2013-12-17 21:57:06},
    priority = {2},
    publisher = {Academic Press Professional, Inc.},
    title = {Space-time Discontinuous Galerkin Method for the Compressible Navier-Stokes Equations},
    url = {http://dx.doi.org/10.1016/j.jcp.2006.01.018},
    volume = {217},
    year = {2006}
}

@article{Rhebergen2013,
    abstract = {We introduce a space-time discontinuous Galerkin (DG) finite element method for the incompressible Navier-Stokes equations. Our formulation can be made arbitrarily high-order accurate in both space and time and can be directly applied to deforming domains. Different stabilizing approaches are discussed which ensure stability of the method. A numerical study is performed to compare the effect of the stabilizing approaches, to show the method's robustness on deforming domains and to investigate the behavior of the convergence rates of the solution. Recently we introduced a space-time hybridizable DG (HDG) method for incompressible flows [S. Rhebergen, B. Cockburn, A space-time hybridizable discontinuous Galerkin method for incompressible flows on deforming domains, J. Comput. Phys. 231 (2012) 4185-4204]. We will compare numerical results of the space-time DG and space-time HDG methods. This constitutes the first comparison between DG and HDG methods.},
    address = {San Diego, CA, USA},
    author = {Rhebergen, Sander and Cockburn, Bernardo and Van Der Vegt, Jaap J. W.},
    citeulike-article-id = {11291615},
    citeulike-linkout-0 = {http://portal.acm.org/citation.cfm?id=2397727.2397978},
    citeulike-linkout-1 = {http://dx.doi.org/10.1016/j.jcp.2012.08.052},
    doi = {10.1016/j.jcp.2012.08.052},
    issn = {0021-9991},
    journal = {J. Comput. Phys.},
    month = jan,
    pages = {339--358},
    posted-at = {2013-12-17 21:54:28},
    priority = {2},
    publisher = {Academic Press Professional, Inc.},
    title = {A Space-time Discontinuous Galerkin Method for the Incompressible Navier-Stokes Equations},
    url = {http://dx.doi.org/10.1016/j.jcp.2012.08.052},
    volume = {233},
    year = {2013}
}

@article{CostabelMcIntosh,
    abstract = {We study integral operators related to a regularized version of the classical Poincar\'{e} path integral and the adjoint class generalizing Bogovski\u{i}'s integral operator, acting on differential forms in 
                                
                                \${\mathbb{R}^n}\$
                               . We prove that these operators are pseudodifferential operators of order −1. The Poincar\'{e}-type operators map polynomials to polynomials and can have applications in finite element analysis. For a domain starlike with respect to a ball, the special support properties of the operators imply regularity for the de Rham complex without boundary conditions (using Poincar\'{e}-type operators) and with full Dirichlet boundary conditions (using Bogovski\u{i}-type operators). For bounded Lipschitz domains, the same regularity results hold, and in addition we show that the cohomology spaces can always be represented by 
                                
                                \${\fancyscript{C}^{\infty}}\$
                               functions.},
    author = {Costabel, Martin and McIntosh, Alan},
    booktitle = {Mathematische Zeitschrift},
    citeulike-article-id = {4495628},
    citeulike-linkout-0 = {http://dx.doi.org/10.1007/s00209-009-0517-8},
    citeulike-linkout-1 = {http://www.springerlink.com/content/q6146wlnl2145x82},
    citeulike-linkout-2 = {http://link.springer.com/article/10.1007/s00209-009-0517-8},
    doi = {10.1007/s00209-009-0517-8},
    journal = {Mathematische Zeitschrift},
    number = {2},
    pages = {297--320},
    posted-at = {2013-12-17 20:02:04},
    priority = {2},
    publisher = {Springer-Verlag},
    title = {On {B}ogovski\u{i} and regularized {P}oincar\'{e} integral operators for de {R}ham complexes on {L}ipschitz domains},
    url = {http://dx.doi.org/10.1007/s00209-009-0517-8},
    volume = {265},
    year = {2010}
}

@inproceedings{Lew2003,
    abstract = {We describe a new class of asynchronous variational integrators (AVI) for nonlinear elastodynamics. The AVIs are distinguished by the following attributes: (i) The algorithms permit the selection of independent time steps in each element, and the local time steps need not bear an integral relation to each other; (ii) the algorithms derive from a spacetime form of a discrete version of Hamilton\^{a}s variational principle. As a consequence of this variational structure, the algorithms conserve local momenta and a local discrete multisymplectic structure exactly. To guide the development of the discretizations, a spacetime multisymplectic formulation of elastodynamics is presented. The variational principle used incorporates both configuration and spacetime reference variations. This allows a unified treatment of all the conservation properties of the system. A discrete version of reference configuration is also considered, providing a natural definition of a discrete energy. The possibilities for discrete energy conservation are evaluated. Numerical tests reveal that, even when local energy balance is not enforced exactly, the global and local energy behavior of the AVIs is quite remarkable, a property which can probably be traced to the symplectic nature of the algorithm.},
    author = {Lew, A. and Marsden, J. E. and Ortiz, M. and West, M.},
    booktitle = {ARCH. RATIONAL MECH. ANAL.},
    citeulike-article-id = {12851064},
    citeulike-linkout-0 = {http://citeseerx.ist.psu.edu/viewdoc/summary?doi=10.1.1.138.6730},
    keywords = {avi},
    posted-at = {2013-12-17 20:00:37},
    priority = {0},
    title = {Asynchronous Variational Integrators},
    url = {http://citeseerx.ist.psu.edu/viewdoc/summary?doi=10.1.1.138.6730},
    year = {2003}
}

@techreport{DBB05,
    author = {Demkowicz, L.},
    citeulike-article-id = {12794408},
    institution = {ICES},
    keywords = {dpg},
    posted-at = {2013-11-19 19:39:20},
    priority = {2},
    title = {Babu\v{s}ka {\$\\Leftrightarrow\$} {B}rezzi ?},
    year = {2006}
}

@book{fenics:book,
    citeulike-article-id = {12794407},
    citeulike-linkout-0 = {http://dx.doi.org/10.1007/978-3-642-23099-8},
    doi = {10.1007/978-3-642-23099-8},
    editor = {Logg, A. and Mardal, K. A. and Wells, G. N.},
    keywords = {dpg},
    posted-at = {2013-11-19 19:39:20},
    priority = {2},
    publisher = {Springer},
    series = {Lecture Notes in Computational Science and Engineering},
    title = {Automated Solution of Differential Equations by the Finite Element Method},
    url = {http://dx.doi.org/10.1007/978-3-642-23099-8},
    volume = {84},
    year = {2012}
}

@article{DPG4,
    author = {Zitelli, J. and Muga, I. and Demkowicz, L. and Gopalakrishnan, J. and Pardo, D. and Calo, V.},
    citeulike-article-id = {12794406},
    journal = {J. Comp. Phys.},
    keywords = {dpg},
    pages = {2406--2432},
    posted-at = {2013-11-19 19:39:20},
    priority = {2},
    title = {A Class of Discontinuous {P}etrov-{G}alerkin Methods. {Part IV:} {W}ave Propagation Problems},
    volume = {230},
    year = {2011}
}

@article{ZhuSchotzau10,
    author = {Zhu, I. and Sch\"{o}tzau},
    citeulike-article-id = {12794405},
    journal = {IMA Journal of Numerical Analysis},
    keywords = {dpg},
    note = {Advance Access published April 28, 2010},
    pages = {1--35},
    posted-at = {2013-11-19 19:39:20},
    priority = {2},
    title = {A Robust a Posteriori Error Estimate for \$hp\$-Adaptive DG methods for Convection-Diffusion Equations},
    year = {2010}
}

@article{FengWu09,
    author = {Feng and Wu},
    citeulike-article-id = {12794404},
    journal = {SIAM J. Numer. Anal.},
    keywords = {dpg},
    number = {4},
    pages = {2872--2896},
    posted-at = {2013-11-19 19:39:20},
    priority = {2},
    title = {Discontinuous Galerkin Methods for the Helmholtz Equation with Large Wave Number},
    volume = {47},
    year = {2009}
}

@article{Williamson1996,
    author = {Williamson, C. H. K.},
    citeulike-article-id = {12794403},
    journal = {Annual review of Fluid Mechanics},
    keywords = {dpg, immersed\_boundaries, wall-modeling},
    pages = {477--539},
    posted-at = {2013-11-19 19:39:20},
    priority = {0},
    title = {{Vortex dynamics in the cylinder wake}},
    volume = {28},
    year = {1996}
}

@book{IntroCFD,
    author = {Versteeg, H. K. and Malalasekera, W.},
    citeulike-article-id = {12794402},
    citeulike-linkout-0 = {http://books.google.com/books?id=RvBZ-UMpGzIC},
    keywords = {dpg},
    posted-at = {2013-11-19 19:39:20},
    priority = {2},
    publisher = {Prentice Hall},
    title = {An Introduction to Computational Fluid Dynamics: The Finite Volume Method},
    url = {http://books.google.com/books?id=RvBZ-UMpGzIC},
    year = {2007}
}

@article{Temam69.II,
    author = {Temam, Roger},
    citeulike-article-id = {12794401},
    journal = {Arch. Rational Mech. Anal.},
    keywords = {dpg},
    pages = {377--385},
    posted-at = {2013-11-19 19:39:20},
    priority = {2},
    title = {Sur l'approximation de la solution des \'{e}quations de {N}avier-{S}tokes par la m\'{e}thode des pas fractionnaires ({II})},
    volume = {33},
    year = {1969}
}

@article{Temam69.I,
    author = {Temam, Roger},
    citeulike-article-id = {12794400},
    journal = {Arch. Rational Mech. Anal.},
    keywords = {dpg},
    pages = {135--153},
    posted-at = {2013-11-19 19:39:20},
    priority = {2},
    title = {Sur l'approximation de la solution des \'{e}quations de {N}avier-{S}tokes par la m\'{e}thode des pas fractionnaires ({I})},
    volume = {32},
    year = {1969}
}

@phdthesis{Strikwerda76,
    author = {Strikwerda, J. C.},
    citeulike-article-id = {12794399},
    keywords = {dpg},
    posted-at = {2013-11-19 19:39:20},
    priority = {2},
    school = {Dept. of Math., Standford},
    title = {Initial Boundary Value Problems for Incompletely Parabolic Problems},
    year = {1976}
}

@book{Showalter,
    address = {London},
    author = {Showalter, R. E.},
    citeulike-article-id = {12794398},
    keywords = {dpg},
    posted-at = {2013-11-19 19:39:19},
    priority = {2},
    publisher = {Pitman Publishing Limited},
    title = {Hilbert Space Methods for Partial Differential Equations},
    year = {1977}
}

@incollection{shewchuk96b,
    author = {Shewchuk, Jonathan R.},
    booktitle = {Applied Computational Geometry: Towards Geometric Engineering},
    citeulike-article-id = {12794397},
    editor = {Lin, Ming C. and Manocha, Dinesh},
    keywords = {dpg},
    month = may,
    note = {From the First ACM Workshop on Applied Computational Geometry},
    pages = {203--222},
    posted-at = {2013-11-19 19:39:19},
    priority = {2},
    publisher = {Springer-Verlag},
    series = {Lecture Notes in Computer Science},
    title = {Triangle: {E}ngineering a {2D} {Q}uality {M}esh {G}enerator and {D}elaunay {T}riangulator},
    volume = {1148},
    year = {1996}
}

@article{SchwabSuri96,
    author = {Schwab, C. and Suri, M.},
    citeulike-article-id = {12794396},
    journal = {Math. Comput.},
    keywords = {dpg},
    number = {216},
    pages = {1403--1429},
    posted-at = {2013-11-19 19:39:19},
    priority = {2},
    title = {The \$p\$ and \$hp\$ versions of the finite element method for problems with boundary layers},
    volume = {65},
    year = {1996}
}

@book{RoosStynesTobiska08,
    address = {Berlin},
    author = {Roos, H. G. and Stynes, M. and Tobiska, L.},
    citeulike-article-id = {12794395},
    edition = {2nd},
    keywords = {dpg},
    posted-at = {2013-11-19 19:39:19},
    priority = {2},
    publisher = {Springer-Verlag},
    series = {Springer Series in Computational Mathematics},
    title = {Robust Numerical Methods for Singularly Perturbed Differential Equations},
    volume = {24},
    year = {2008}
}

@book{roos2008robust,
    author = {Roos, H. and Stynes, M. and Tobiska, L.},
    citeulike-article-id = {12794394},
    citeulike-linkout-0 = {http://books.google.com/books?id=tdnw1p2JoEIC},
    keywords = {dpg},
    posted-at = {2013-11-19 19:39:19},
    priority = {2},
    publisher = {Springer},
    series = {Springer series in computational mathematics},
    title = {Robust numerical methods for singularly perturbed differential equations: convection-diffusion-reaction and flow problems},
    url = {http://books.google.com/books?id=tdnw1p2JoEIC},
    year = {2008}
}

@techreport{Roberts2011,
    author = {Roberts, Nathan V. and Ridzal, Denis and Bochev, Pavel B. and Demkowicz, Leszek F.},
    citeulike-article-id = {12794393},
    citeulike-linkout-0 = {https://cfwebprod.sandia.gov/cfdocs/CCIM/docs/Roberts\_et\_al\_SAND2011-6678.pdf},
    institution = {Sandia National Laboratories},
    keywords = {dpg},
    number = {SAND2011-6678},
    posted-at = {2013-11-19 19:39:19},
    priority = {2},
    title = {{A Toolbox for a Class of Discontinuous Petrov-Galerkin Methods Using Trilinos}},
    url = {https://cfwebprod.sandia.gov/cfdocs/CCIM/docs/Roberts\_et\_al\_SAND2011-6678.pdf},
    year = {2011}
}

@techreport{DPGStokes,
    annote = {Submitted to Computers \& Mathematics with Applications.},
    author = {Roberts, Nathan V. and Bui-Thanh, Tan and Demkowicz, Leszek F.},
    citeulike-article-id = {12794392},
    citeulike-linkout-0 = {http://www.ices.utexas.edu/media/reports/2012/1222.pdf},
    institution = {ICES},
    keywords = {dpg},
    number = {12-22},
    posted-at = {2013-11-19 19:39:19},
    priority = {2},
    title = {The {DPG} Method for the {S}tokes Problem},
    url = {http://www.ices.utexas.edu/media/reports/2012/1222.pdf},
    year = {2012}
}

@incollection{Roberts2010,
    author = {Roberts, N. V. and Ridzal, D. and Bochev, P. N. and Demkowicz, L. and Peterson, K. J. and Siefert, C. M.},
    booktitle = {CSRI Summer Proceedings 2010},
    citeulike-article-id = {12794391},
    keywords = {dpg},
    posted-at = {2013-11-19 19:39:19},
    priority = {2},
    publisher = {Sandia National Laboratories},
    title = {Application of a Discontinuous {P}etrov-{G}alerkin Method to the {S}tokes Equations},
    year = {2010}
}

@electronic{Rannacher99,
    author = {Rannacher, Rolf},
    citeulike-article-id = {12794390},
    citeulike-linkout-0 = {http://www.numerik.uni-hd.de/Oberwolfach-Seminar/CFD-Course.pdf},
    keywords = {dpg},
    posted-at = {2013-11-19 19:39:19},
    priority = {2},
    title = {Finite Element Methods for the Incompressible {N}avier-{S}tokes Equations (lecture notes)},
    url = {http://www.numerik.uni-hd.de/Oberwolfach-Seminar/CFD-Course.pdf},
    year = {1999}
}

@article{Perot2011,
    author = {Perot, J. B.},
    citeulike-article-id = {12794389},
    citeulike-linkout-0 = {http://dx.doi.org/10.1146/annurev-fluid-122109-160645},
    doi = {10.1146/annurev-fluid-122109-160645},
    institution = {University of Massachusetts, Amherst},
    journal = {Annual Review of Fluid Mechanics},
    keywords = {dpg},
    pages = {299--318},
    posted-at = {2013-11-19 19:39:18},
    priority = {2},
    title = {Discrete Conservation Properties of Unstructured Mesh Schemes},
    url = {http://dx.doi.org/10.1146/annurev-fluid-122109-160645},
    volume = {43},
    year = {2011}
}

@article{OrszagEtAl,
    author = {Orszag, Steven A. and Israeli, Moshe and Deville, Michel O.},
    citeulike-article-id = {12794388},
    citeulike-linkout-0 = {http://www.springerlink.com/index/10.1007/BF01061454},
    journal = {Journal of Scientific Computing},
    keywords = {dpg},
    number = {1},
    pages = {75--111},
    posted-at = {2013-11-19 19:39:18},
    priority = {2},
    publisher = {Springer},
    title = {Boundary conditions for incompressible flows},
    url = {http://www.springerlink.com/index/10.1007/BF01061454},
    volume = {1},
    year = {1986}
}

@book{OdenDemkowicz10,
    author = {Oden, J. Tinsley and Demkowicz, Leszek F.},
    citeulike-article-id = {12794387},
    keywords = {dpg},
    posted-at = {2013-11-19 19:39:18},
    priority = {2},
    publisher = {CRC Press},
    title = {Applied functional analysis},
    year = {2010}
}

@book{FAbook,
    address = {Boca Raton},
    author = {Oden, J. T. and Demkowicz, L. F.},
    citeulike-article-id = {12794386},
    keywords = {dpg},
    note = {Second edition},
    posted-at = {2013-11-19 19:39:18},
    priority = {2},
    publisher = {Chapman \& Hall/CRC Press},
    title = {Applied Functional Analysis for Science and Engineering},
    year = {2010}
}

@article{NiemiBramwellDemkowicz10,
    author = {Niemi, A. H. and Bramwell, J. A. and Demkowicz, L. F.},
    citeulike-article-id = {12794385},
    journal = {Computer Methods in Applied Mechanics and Engineering},
    keywords = {dpg},
    month = feb,
    number = {9-12},
    pages = {1291--1300},
    posted-at = {2013-11-19 19:39:18},
    priority = {2},
    title = {{Discontinuous Petrov--Galerkin} Method with Optimal Test Functions for Thin-Body Problems in Solid Mechanics},
    volume = {200},
    year = {2011}
}

@article{NguyenPeraireCockburn09,
    author = {Nguyen, N. and Peraire, J. and Cockburn, B.},
    citeulike-article-id = {12794384},
    journal = {Journal of Computational Physics},
    keywords = {dpg},
    posted-at = {2013-11-19 19:39:18},
    priority = {2},
    title = {An Implicit High-order Hybridizable Discontinuous {G}alerkin Method for Linear Convection--Diffusion Equations},
    volume = {228},
    year = {2009}
}

@article{N80,
    author = {N\'{e}d\'{e}lec, J. C.},
    citeulike-article-id = {12794383},
    journal = {Numer. Math.},
    keywords = {dpg},
    pages = {315--341},
    posted-at = {2013-11-19 19:39:18},
    priority = {2},
    title = {Mixed Finite Elements in \${\\doubleIR}^3\$},
    volume = {35},
    year = {1980}
}

@article{MoroNguyenPeraire11,
    author = {Moro, D. and Nguyen, N. C. and Peraire, J.},
    citeulike-article-id = {12794382},
    journal = {Int.J. Num. Meth. Eng.},
    keywords = {dpg},
    note = {in print},
    posted-at = {2013-11-19 19:39:18},
    priority = {2},
    title = {A Hybridized Discontinuous {P}etrov-{G}alerkin Scheme for Scalar Conservation Laws},
    year = {2011}
}

@article{Moffat,
    author = {Moffat, H. K.},
    citeulike-article-id = {12794381},
    journal = {Journal of Fluid Mechanics},
    keywords = {dpg},
    number = {1},
    pages = {1--18},
    posted-at = {2013-11-19 19:39:18},
    priority = {2},
    title = {Viscous and Resistive Eddies Near a Sharp Corner},
    volume = {18},
    year = {1964}
}

@article{REFTREE,
    author = {Mitchell, W. F.},
    citeulike-article-id = {12794380},
    journal = {Journal of Parallel and Distributed Computing},
    keywords = {dpg},
    pages = {417--429},
    posted-at = {2013-11-19 19:39:18},
    priority = {2},
    title = {A Refinement-tree Based Partitioning Method for Dynamic Load Balancing with Adaptively Refined Grids},
    volume = {67},
    year = {2007}
}

@book{Melenk02,
    address = {Berlin},
    author = {Melenk, J. M.},
    citeulike-article-id = {12794379},
    keywords = {dpg},
    posted-at = {2013-11-19 19:39:18},
    priority = {2},
    publisher = {Springer},
    title = {\$hp\$-{Finite Element Methods for Singular Perturbations}},
    year = {2002}
}

@book{McLean,
    author = {McLean, W.},
    citeulike-article-id = {12794378},
    keywords = {dpg},
    posted-at = {2013-11-19 19:39:18},
    priority = {2},
    publisher = {Cambridge University Press},
    title = {Strongly Elliptic Systems and Boundary Integral Equations},
    year = {2000}
}

@book{Ladyzhenskaya,
    author = {Ladyzhenskaya, O. A.},
    citeulike-article-id = {12794377},
    keywords = {dpg},
    posted-at = {2013-11-19 19:39:18},
    priority = {2},
    publisher = {Gordon and Breach, London},
    title = {The Mathematical Theory of Viscous Incompressible Flows},
    year = {1969}
}

@article{Kovasznay,
    author = {Kovasznay, L. I. G.},
    citeulike-article-id = {12794376},
    citeulike-linkout-0 = {http://dx.doi.org/10.1017/S0305004100023999},
    doi = {10.1017/S0305004100023999},
    eprint = {http://journals.cambridge.org/article\_S0305004100023999},
    journal = {Mathematical Proceedings of the Cambridge Philosophical Society},
    keywords = {dpg},
    number = {01},
    pages = {58--62},
    posted-at = {2013-11-19 19:39:18},
    priority = {2},
    title = {Laminar flow behind a two-dimensional grid},
    url = {http://dx.doi.org/10.1017/S0305004100023999},
    volume = {44},
    year = {1948}
}

@article{KovasznayCylinder,
    author = {Kovasznay, L. S. G.},
    citeulike-article-id = {12794375},
    journal = {Proceedings of the Royal Society of London. Series A, Mathematical and Physical Sciences},
    keywords = {dpg},
    number = {1053},
    pages = {174--190},
    posted-at = {2013-11-19 19:39:18},
    priority = {2},
    title = {Hot-Wire Investigation of the Wake behind Cylinders at Low {R}eynolds Numbers},
    volume = {198},
    year = {1949}
}

@article{Kirk2006,
    address = {London, UK, UK},
    author = {Kirk, Benjamin S. and Peterson, John W. and Stogner, Roy H. and Carey, Graham F.},
    citeulike-article-id = {12794374},
    citeulike-linkout-0 = {http://dx.doi.org/10.1007/s00366-006-0049-3},
    doi = {10.1007/s00366-006-0049-3},
    journal = {Eng. with Comput.},
    keywords = {adaptive, computing, dpg, elements, finite, mesh, parallel, refinement},
    month = dec,
    number = {3},
    pages = {237--254},
    posted-at = {2013-11-19 19:39:18},
    priority = {2},
    publisher = {Springer-Verlag},
    title = {lib{M}esh: a {C}++ library for parallel adaptive mesh refinement/coarsening simulations},
    url = {http://dx.doi.org/10.1007/s00366-006-0049-3},
    volume = {22},
    year = {2006}
}

@article{KarniadakisEtAl,
    author = {Karniadakis, G. and Israeli, M. and Orszag, S.},
    citeulike-article-id = {12794373},
    citeulike-linkout-0 = {http://linkinghub.elsevier.com/retrieve/pii/0021999191900078},
    journal = {Journal of Computational Physics},
    keywords = {dpg},
    number = {2},
    pages = {414--443},
    posted-at = {2013-11-19 19:39:18},
    priority = {2},
    publisher = {Elsevier},
    title = {High-order splitting methods for the incompressible Navier-Stokes equations},
    url = {http://linkinghub.elsevier.com/retrieve/pii/0021999191900078},
    volume = {97},
    year = {1991}
}

@book{Ihlenburg,
    address = {New York},
    author = {Ihlenburg, F.},
    citeulike-article-id = {12794372},
    keywords = {dpg},
    posted-at = {2013-11-19 19:39:18},
    priority = {2},
    publisher = {Springer-Verlag},
    series = {Applied Mathematical Sciences},
    title = {Finite Element Analysis of Acoustic Scattering},
    volume = {132},
    year = {1998}
}

@article{HuttunenMonkKaipio02,
    author = {Huttunen, T. and Monk and Kaipio, J. P.},
    citeulike-article-id = {12794371},
    journal = {J. Comp. Phys.},
    keywords = {dpg},
    number = {1},
    pages = {27--46},
    posted-at = {2013-11-19 19:39:18},
    priority = {2},
    title = {Computational Aspects of the Ultra-Weak Variational Formulation},
    volume = {182},
    year = {2002}
}

@article{Hughes,
    author = {Hughes, Thomas J. R. and Scovazzi, Guglielmo and Bochev, Pavel B. and Buffa, Annalisa},
    citeulike-article-id = {12794370},
    citeulike-linkout-0 = {http://dx.doi.org/DOI:\%2010.1016/j.cma.2005.06.006},
    citeulike-linkout-1 = {http://www.sciencedirect.com/science/article/B6V29-4HMFJ5F-1/2/5541b393360c41d7bbcbcfe9b9e252bd},
    doi = {DOI:\%2010.1016/j.cma.2005.06.006},
    journal = {Computer Methods in Applied Mechanics and Engineering},
    keywords = {dpg, galerkin, methods},
    number = {19-22},
    pages = {2761--2787},
    posted-at = {2013-11-19 19:39:17},
    priority = {2},
    title = {{A multiscale discontinuous Galerkin method with the computational structure of a continuous Galerkin method}},
    url = {http://www.sciencedirect.com/science/article/B6V29-4HMFJ5F-1/2/5541b393360c41d7bbcbcfe9b9e252bd},
    volume = {195},
    year = {2006}
}

@article{HughesFrancaMallet86,
    author = {Hughes, T. J. R. and Franca, L. P. and Mallet, M.},
    citeulike-article-id = {12794369},
    journal = {Comput. Methods Appl. Mech. Engrg.},
    keywords = {dpg},
    pages = {223--234},
    posted-at = {2013-11-19 19:39:17},
    priority = {2},
    title = {A New Finite Element Formulation for Computational Fluid Dynamics: I. {S}ymmetric Forms of the Compressible {E}uler and {N}avier-{S}tokes Equations and the Second Law of Thermodynamics},
    volume = {54},
    year = {1986}
}

@article{HoustonSchwabSuli00,
    author = {Houston, P. and Schwab, C. and {} and S{\"{u}}li, E.},
    citeulike-article-id = {12794368},
    journal = {SIAM J. Numer. Anal.},
    keywords = {dpg},
    note = {(electronic)},
    pages = {1618--1643},
    posted-at = {2013-11-19 19:39:17},
    priority = {2},
    title = {Stabilized {\$hp\$}-Finite Element Methods for First-order Hyperbolic Problems},
    volume = {37},
    year = {2000}
}

@article{HoustonSchwabSuli02,
    author = {Houston, P. and Schwab, C. and {} and S{\"{u}}li, E.},
    citeulike-article-id = {12794367},
    journal = {SIAM J. Numer. Anal.},
    keywords = {dpg},
    pages = {2133--2163},
    posted-at = {2013-11-19 19:39:17},
    priority = {2},
    title = {Discontinuous {\$hp\$}-Finite Element Methods for Advection-Diffusion-Reaction Problems},
    volume = {39},
    year = {2002}
}

@article{Trilinos,
    address = {New York, NY, USA},
    author = {Heroux, Michael A. and Bartlett, Roscoe A. and Howle, Vicki E. and Hoekstra, Robert J. and Hu, Jonathan J. and Kolda, Tamara G. and Lehoucq, Richard B. and Long, Kevin R. and Pawlowski, Roger P. and Phipps, Eric T. and Salinger, Andrew G. and Thornquist, Heidi K. and Tuminaro, Ray S. and Willenbring, James M. and Williams, Alan and Stanley, Kendall S.},
    citeulike-article-id = {12794366},
    citeulike-linkout-0 = {http://dx.doi.org/http://doi.acm.org/10.1145/1089014.1089021},
    doi = {http://doi.acm.org/10.1145/1089014.1089021},
    journal = {ACM Trans. Math. Softw.},
    keywords = {dpg},
    number = {3},
    pages = {397--423},
    posted-at = {2013-11-19 19:39:17},
    priority = {2},
    publisher = {ACM Press},
    title = {{An overview of the Trilinos project}},
    url = {http://dx.doi.org/http://doi.acm.org/10.1145/1089014.1089021},
    volume = {31},
    year = {2005}
}

@article{GuermondShen,
    author = {Guermond, J. L. and Shen, Jie},
    citeulike-article-id = {12794365},
    journal = {J. Comput. Phys.},
    keywords = {dpg},
    pages = {262--276},
    posted-at = {2013-11-19 19:39:17},
    priority = {2},
    title = {A new class of truly consistent splitting schemes for incompressible flows},
    volume = {192},
    year = {2003}
}

@article{Guermond06,
    author = {Guermond, J. L. and Minev, P. and Shen, Jie},
    citeulike-article-id = {12794364},
    journal = {Computer Methods in Applied Mechanics and Engineering},
    keywords = {dpg},
    pages = {6011--6045},
    posted-at = {2013-11-19 19:39:17},
    priority = {2},
    title = {An overview of projection methods for incompressible flows},
    volume = {195},
    year = {2006}
}

@article{GuermondMinev2011,
    author = {Guermond, J. L. and Minev, P. D.},
    citeulike-article-id = {12794363},
    citeulike-linkout-0 = {http://dx.doi.org/10.1016/j.cma.2011.02.007},
    citeulike-linkout-1 = {http://www.sciencedirect.com/science/article/pii/S0045782511000429},
    doi = {10.1016/j.cma.2011.02.007},
    journal = {Computer Methods in Applied Mechanics and Engineering},
    keywords = {dpg, splitting, time},
    number = {23--24},
    pages = {2083--2093},
    posted-at = {2013-11-19 19:39:17},
    priority = {2},
    title = {A new class of massively parallel direction splitting for the incompressible {N}avier--{S}tokes equations},
    url = {http://www.sciencedirect.com/science/article/pii/S0045782511000429},
    volume = {200},
    year = {2011}
}

@article{FLD:FLD505,
    author = {Griffiths, D.},
    citeulike-article-id = {12794362},
    citeulike-linkout-0 = {http://dx.doi.org/10.1002/(SICI)1097-0363(19970228)24:4\%3C393::AID-FLD505\%3E3.0.CO;2-O},
    doi = {10.1002/(SICI)1097-0363(19970228)24:4\%3C393::AID-FLD505\%3E3.0.CO;2-O},
    journal = {International Journal for Numerical Methods in Fluids},
    keywords = {advection, boundary, conditions, diffusion, dpg, elements, finite, outflow},
    number = {4},
    pages = {393--411},
    posted-at = {2013-11-19 19:39:17},
    priority = {2},
    publisher = {John Wiley \& Sons, Ltd},
    title = {The `no boundary condition' outflow boundary condition},
    url = {http://dx.doi.org/10.1002/(SICI)1097-0363(19970228)24:4\%3C393::AID-FLD505\%3E3.0.CO;2-O},
    volume = {24},
    year = {1997}
}

@techreport{practicalDPG,
    author = {Gopalakrishnan, J. and Qiu, W.},
    citeulike-article-id = {12794361},
    institution = {IMA},
    keywords = {dpg},
    note = {submitted},
    posted-at = {2013-11-19 19:39:17},
    priority = {2},
    title = {An analysis of the practical {DPG} method},
    year = {2011}
}

@article{GopalakrishnanQiu11,
    author = {Gopalakrishnan, Jay and Qiu, Weifeng},
    citeulike-article-id = {12794360},
    journal = {Mathematics of Computation},
    keywords = {dpg, practical, proof},
    posted-at = {2013-11-19 19:39:17},
    priority = {2},
    title = {{An analysis of the practical DPG method}},
    year = {2012}
}

@article{Givoli88,
    author = {Givoli, D.},
    citeulike-article-id = {12794359},
    journal = {Internat.J.Numer.Methods Engrg.},
    keywords = {dpg},
    number = {6},
    pages = {1281--1298},
    posted-at = {2013-11-19 19:39:17},
    priority = {2},
    title = {Nonlocal and Semilocal Optimal Weighting Functions for Symmetric Problems Involving a Small Parameter},
    volume = {26},
    year = {1988}
}

@book{Gilbarg,
    author = {Gilbarg, D. and Trudinger, N. S.},
    citeulike-article-id = {12794358},
    keywords = {dpg},
    posted-at = {2013-11-19 19:39:17},
    priority = {2},
    publisher = {Springer-Verlag},
    title = {Elliptic Partial Differential Equations of Second Order},
    year = {1983}
}

@article{FLD:FLD582,
    author = {Gerbeau, J. F. and Bris, C. Le and Bercovier, M.},
    citeulike-article-id = {12794357},
    journal = {International Journal for Numerical Methods in Fluids},
    keywords = {body, dpg, flow, force, incompressible, method, projection},
    number = {6},
    pages = {679--695},
    posted-at = {2013-11-19 19:39:17},
    priority = {2},
    publisher = {John Wiley \& Sons, Ltd},
    title = {Spurious velocities in the steady flow of an incompressible fluid subjected to external forces},
    volume = {25},
    year = {1997}
}

@book{GoFBook,
    address = {Boston, MA, USA},
    author = {Gamma, Erich and Helm, Richard and Johnson, Ralph and Vlissides, John},
    citeulike-article-id = {12794356},
    keywords = {dpg},
    posted-at = {2013-11-19 19:39:17},
    priority = {2},
    publisher = {Addison-Wesley Longman Publishing Co., Inc.},
    title = {Design patterns: elements of reusable object-oriented software},
    year = {1995}
}

@article{Friedrichs58,
    author = {Friedrichs, Kurt O.},
    citeulike-article-id = {12794355},
    journal = {Communications on pure and applied mathematics},
    keywords = {dpg},
    pages = {333--418},
    posted-at = {2013-11-19 19:39:17},
    priority = {2},
    title = {Symmetric positive linear differential Equations},
    volume = {XI},
    year = {1958}
}

@book{Folland,
    author = {Folland, G. B.},
    citeulike-article-id = {12794354},
    keywords = {dpg},
    posted-at = {2013-11-19 19:39:17},
    priority = {2},
    publisher = {Princeton},
    title = {Introduction to Partial Differential Equations},
    year = {1976}
}

@book{FFS03,
    address = {Oxford},
    author = {Feistauer, M. and Felcman, J. and Straskraba, I.},
    citeulike-article-id = {12794353},
    keywords = {dpg},
    note = {ISBN 0-19-850588-4},
    posted-at = {2013-11-19 19:39:17},
    priority = {2},
    publisher = {Clarendon Press},
    title = {Mathematical and Computational Methods for Compressible Flow},
    year = {2003}
}

@article{FarhatMandelRoux94,
    author = {Farhat, Ch and Mandel, J. and Roux, F. X.},
    citeulike-article-id = {12794352},
    journal = {Comput. Methods Appl. Mech. Engrg.},
    keywords = {dpg},
    number = {3-4},
    pages = {365--385},
    posted-at = {2013-11-19 19:39:17},
    priority = {2},
    title = {Optimal convergence properties of the {FETI} domain decomposition method},
    volume = {115},
    year = {1994}
}

@techreport{EvansHughesUnsteadyNavierStokes,
    author = {Evans, John and Hughes, Thomas J. R.},
    citeulike-article-id = {12794351},
    institution = {ICES},
    keywords = {dpg},
    number = {12-15},
    posted-at = {2013-11-19 19:39:17},
    priority = {2},
    title = {Isogeometric Divergence-conforming {B}-splines for the Unsteady {N}avier-{S}tokes Equations},
    year = {2012}
}

@techreport{EvansHughesStokes,
    author = {Evans, John and Hughes, Thomas J. R.},
    citeulike-article-id = {12794350},
    institution = {ICES},
    keywords = {dpg},
    number = {12-03},
    posted-at = {2013-11-19 19:39:17},
    priority = {2},
    title = {Isogeometric Divergence-conforming {B}-splines for the {D}arcy-{S}tokes-{B}rinkman Equations},
    year = {2012}
}

@techreport{EvansHughesSteadyNavierStokes,
    author = {Evans, John and Hughes, Thomas J. R.},
    citeulike-article-id = {12794349},
    institution = {ICES},
    keywords = {dpg},
    number = {12-15},
    posted-at = {2013-11-19 19:39:17},
    priority = {2},
    title = {Isogeometric Divergence-conforming {B}-splines for the Steady {N}avier-{S}tokes Equations},
    year = {2012}
}

@phdthesis{EvansThesis,
    author = {Evans, J.},
    citeulike-article-id = {12794348},
    keywords = {dpg},
    posted-at = {2013-11-19 19:39:16},
    priority = {2},
    school = {University of Texas at Austin},
    title = {Divergence-free {B}-spline Discretizations for Viscous Incompressible Flows},
    year = {2011}
}

@article{ErnGuermondCaplain07,
    author = {Ern, Alexandre and Guermond, Jean-Luc and Caplain, Gilbert},
    citeulike-article-id = {12794347},
    journal = {Communications in partial differential equations},
    keywords = {dpg},
    number = {2},
    pages = {317--341},
    posted-at = {2013-11-19 19:39:16},
    priority = {2},
    title = {An intrinsic criterion for the bijectivity of {H}ilbert Operators related to {F}riedrichs' systems},
    volume = {32},
    year = {2007}
}

@book{ErnGuermond04,
    author = {Ern, Alexandre and Guermond, Jean-Luc},
    citeulike-article-id = {12794346},
    keywords = {dpg},
    posted-at = {2013-11-19 19:39:16},
    priority = {2},
    publisher = {Spinger-{V}erlag},
    series = {Applied Mathematical Sciences},
    title = {Theory and Practice of Finite Elements},
    volume = {159},
    year = {2004}
}

@article{ErnGuermond06,
    author = {Ern, Alexandre and Guermond, Jean-Luc},
    citeulike-article-id = {12794345},
    journal = {SIAM J. Numer. Anal.},
    keywords = {dpg},
    number = {2},
    pages = {753--778},
    posted-at = {2013-11-19 19:39:16},
    priority = {2},
    title = {Discontinuous {G}alerkin methods for {F}riedrichs' systems. {P}art {I}. {G}eneral theory},
    volume = {44},
    year = {2006}
}

@article{ErnGuermond08,
    author = {Ern, Alexandre and Guermond, Jean-Luc},
    citeulike-article-id = {12794344},
    journal = {SIAM J. Numer. Anal.},
    keywords = {dpg},
    number = {2},
    pages = {776--804},
    posted-at = {2013-11-19 19:39:16},
    priority = {2},
    title = {Discontinuous {G}alerkin methods for {F}riedrichs' systems. {P}art {III}. {M}ultifield theories with partial coercivity},
    volume = {46},
    year = {2008}
}

@article{Doering2009,
    abstract = {{It is not known whether the three-dimensional (3D) incompressible Navier-Stokes equations possess unique smooth (continuously differentiable) solutions at high Reynolds numbers. This problem is quite important for basic science, practical applications, and numerical computations. This review presents a selective survey of the current state of the mathematical theory, focusing on the technical source of difficulties encountered with the construction of smooth solutions. It also highlights physical phenomena behind the mathematical challenges.}},
    author = {Doering, Charles R.},
    citeulike-article-id = {12794343},
    citeulike-linkout-0 = {http://dx.doi.org/10.1146/annurev.fluid.010908.165218},
    doi = {10.1146/annurev.fluid.010908.165218},
    journal = {Annual Review of Fluid Mechanics},
    keywords = {dpg, navier-stokes},
    number = {1},
    pages = {109--128},
    posted-at = {2013-11-19 19:39:16},
    priority = {2},
    title = {{The 3D Navier-Stokes Problem}},
    url = {http://dx.doi.org/10.1146/annurev.fluid.010908.165218},
    volume = {41},
    year = {2009}
}

@article{ZoltanOverviewArticle,
    author = {Devine, Karen and Boman, Erik and Heaphy, Robert and Hendrickson, Bruce and Vaughan, Courtenay},
    citeulike-article-id = {12794342},
    journal = {Computing in Science and Engineering},
    keywords = {dpg},
    number = {2},
    pages = {90--97},
    posted-at = {2013-11-19 19:39:16},
    priority = {2},
    title = {{Zoltan} Data Management Services for Parallel Dynamic Applications},
    volume = {4},
    year = {2002}
}

@article{DO86_2,
    author = {Demkowicz, L. and Oden, J. T.},
    citeulike-article-id = {12794341},
    journal = {Comput. Methods Appl. Mech. Engrg.},
    keywords = {dpg},
    number = {1-2},
    pages = {65--87},
    posted-at = {2013-11-19 19:39:16},
    priority = {2},
    title = {An Adaptive Characteristic {Petrov-Galerkin} Finite Element Method for Convection-Dominated Linear and Nonlinear Parabolic Problems in Two Space Variables},
    volume = {55},
    year = {1986}
}

@article{DO86_1,
    author = {Demkowicz, L. and Oden, J. T.},
    citeulike-article-id = {12794340},
    journal = {Journal of Computational Physics},
    keywords = {dpg},
    number = {1},
    pages = {188--273},
    posted-at = {2013-11-19 19:39:16},
    priority = {2},
    title = {An Adaptive Characteristic {Petrov-Galerkin} Finite Element Method for Convection-Dominated Linear and Nonlinear Parabolic Problems in One Space Variable},
    volume = {68},
    year = {1986}
}

@article{DORH91,
    author = {Demkowicz, L. and Oden, J. T. and Rachowicz, W. and Hardy, O.},
    citeulike-article-id = {12794339},
    journal = {Comput. Methods Appl. Mech. Engrg.},
    keywords = {dpg},
    number = {3},
    pages = {363--396},
    posted-at = {2013-11-19 19:39:16},
    priority = {2},
    title = {An \$hp\$ {Taylor-Galerkin} Finite Element Method for Compressible {Euler} Equations},
    volume = {88},
    year = {1991}
}

@article{DOR90,
    author = {Demkowicz, L. and Oden, J. T. and Rachowicz, R.},
    citeulike-article-id = {12794338},
    journal = {Comput. Methods Appl. Mech. Engrg.},
    keywords = {dpg},
    pages = {275--326},
    posted-at = {2013-11-19 19:39:16},
    priority = {2},
    title = {A New Finite Element Method for Solving Compressible { Navier-Stokes} Equations Based on an Operator Splitting Method and \$hp\$ Adaptivity},
    volume = {84},
    year = {1990}
}

@book{hpbook2,
    author = {Demkowicz, L. and Kurtz, J. and Pardo, D. and Paszy\'{n}ski, M. and Rachowicz, W. and Zdunek, A.},
    citeulike-article-id = {12794337},
    keywords = {dpg},
    month = oct,
    posted-at = {2013-11-19 19:39:16},
    priority = {2},
    publisher = {Chapman \& Hall/CRC},
    title = {Computing with \$hp\$ Finite Elements. II. Frontiers: Three-Dimensional Elliptic and Maxwell Problems with Applications},
    year = {2007}
}

@article{DemkowiczHeuer,
    author = {Demkowicz, L. and Heuer, N.},
    citeulike-article-id = {12794336},
    journal = {SIAM J. Numer. Anal.},
    keywords = {dpg},
    number = {5},
    pages = {1514--2537},
    posted-at = {2013-11-19 19:39:16},
    priority = {2},
    title = {Robust {DPG} Method for Convection-Dominated Diffusion Problems},
    volume = {51},
    year = {2013}
}

@techreport{DPG3,
    author = {Demkowicz, L. and Gopalakrishnan, J. and Niemi, A.},
    citeulike-article-id = {12794335},
    institution = {ICES},
    keywords = {dpg},
    note = {submitted to App. Num. Math.},
    number = {1},
    posted-at = {2013-11-19 19:39:16},
    priority = {2},
    title = {A Class of Discontinuous {Petrov-Galerkin} Methods. {Part III}: {A}daptivity.},
    year = {2010}
}

@article{DemkowiczGopalakrishnanMugaZitelli12,
    author = {Demkowicz, L. and Gopalakrishnan, J. and Muga, I. and Zitelli, J.},
    citeulike-article-id = {12794334},
    journal = {Comput. Methods Appl. Mech. Engrg.},
    keywords = {dpg},
    pages = {126--138},
    posted-at = {2013-11-19 19:39:16},
    priority = {2},
    title = {Wavenumber Explicit Analysis for a {DPG} Method for the Multidimensional {H}elmholtz Equation},
    volume = {213-216},
    year = {2012}
}

@article{DemkowiczGopalakrishnanMugaEtAl11a,
    author = {Demkowicz, Leszek and Gopalakrishnan, Jayadeep and Muga, Ignacio and Pardo, David},
    citeulike-article-id = {12794333},
    journal = {In preparation},
    keywords = {dpg},
    posted-at = {2013-11-19 19:39:16},
    priority = {2},
    title = {A pollution free {DPG} method for multidimensional {H}elmholtz equation},
    year = {2011}
}

@article{DPG1,
    author = {Demkowicz, L. and Gopalakrishnan, J.},
    citeulike-article-id = {12794332},
    journal = {Comput. Methods Appl. Mech. Engrg.},
    keywords = {dpg},
    posted-at = {2013-11-19 19:39:16},
    priority = {2},
    title = {A Class of Discontinuous {Petrov-Galerkin} Methods. {Part I}: {T}he Transport Equation},
    year = {2009}
}

@article{DPG2,
    author = {Demkowicz, L. and Gopalakrishnan, J.},
    citeulike-article-id = {12794331},
    journal = {Numer. Meth. Part. D. E.},
    keywords = {dpg},
    note = {in print},
    posted-at = {2013-11-19 19:39:16},
    priority = {2},
    title = {A Class of Discontinuous {Petrov-Galerkin} Methods. {Part II}: {O}ptimal Test Functions},
    year = {2010}
}

@article{DPG6,
    author = {Demkowicz, L. and Gopalakrishnan, J.},
    citeulike-article-id = {12794330},
    journal = {SIAM J. Num. Anal.},
    keywords = {dpg},
    number = {5},
    pages = {1788--1809},
    posted-at = {2013-11-19 19:39:16},
    priority = {2},
    title = {Analysis of the {DPG} Method for the {P}oisson Problem},
    volume = {49},
    year = {2011}
}

@techreport{DPGOverview,
    author = {Demkowicz, L. and Gopalakrishnan, J.},
    citeulike-article-id = {12794329},
    institution = {ICES},
    keywords = {dpg},
    posted-at = {2013-11-19 19:39:16},
    priority = {2},
    title = {An Overview of the {DPG} Method},
    year = {2013}
}

@article{PrimalDPG,
    author = {Demkowicz, L. and Gopalakrishnan, J.},
    citeulike-article-id = {12794328},
    journal = {Computers and Mathematics with Applications},
    keywords = {dpg},
    pages = {1058--1064},
    posted-at = {2013-11-19 19:39:16},
    priority = {2},
    title = {A Primal {DPG} method without a first order reformulation},
    volume = {66},
    year = {2013}
}

@book{hpbook,
    author = {Demkowicz, L.},
    citeulike-article-id = {12794327},
    keywords = {dpg},
    month = oct,
    posted-at = {2013-11-19 19:39:16},
    priority = {2},
    publisher = {Chapman \& Hall/CRC Press, Taylor and Francis},
    title = {Computing with \$hp\$ Finite Elements. I.One- and Two-Dimensional Elliptic and Maxwell Problems},
    year = {2006}
}

@article{CockburnKanschatSchotzauSchwab03,
    author = {Cockburn, B. and Kanschat, G. and Schotzau, D. and Schwab, Ch},
    citeulike-article-id = {12794326},
    journal = {SIAM J. on Num. Anal.},
    keywords = {dpg},
    pages = {319--343},
    posted-at = {2013-11-19 19:39:16},
    priority = {2},
    title = {Local {D}iscontinuous {G}alerkin Methods for the {S}tokes System},
    volume = {40},
    year = {2003}
}

@article{Cockburn2004,
    author = {Cockburn, Bernardo and Kanschat, Guido and Sch\"{o}tzau, Dominik},
    citeulike-article-id = {12794325},
    journal = {Math. Comp},
    keywords = {dpg},
    pages = {1067--1095},
    posted-at = {2013-11-19 19:39:16},
    priority = {2},
    title = {A locally conservative {LDG} method for the incompressible {N}avier-{S}tokes equations},
    year = {2004}
}

@article{Cockburn2007,
    address = {New York, NY, USA},
    author = {Cockburn, Bernardo and Kanschat, Guido and Sch\"{o}tzau, Dominik},
    citeulike-article-id = {12794324},
    citeulike-linkout-0 = {http://dx.doi.org/10.1007/s10915-006-9107-7},
    doi = {10.1007/s10915-006-9107-7},
    journal = {J. Sci. Comput.},
    keywords = {condition, discontinuous, divergence-free, dpg, equations, galerkin, methods, navierstokes},
    month = may,
    number = {1-2},
    pages = {61--73},
    posted-at = {2013-11-19 19:39:16},
    priority = {2},
    publisher = {Plenum Press},
    title = {A Note on Discontinuous Galerkin Divergence-free Solutions of the Navier-Stokes Equations},
    url = {http://dx.doi.org/10.1007/s10915-006-9107-7},
    volume = {31},
    year = {2007}
}

@article{Cockburn2002,
    author = {Cockburn, Bernardo and Kanschat, Guido and Sch{\"{o}}tzau, Dominik},
    citeulike-article-id = {12794323},
    journal = {Math. Comp},
    keywords = {dpg},
    number = {246},
    pages = {569--593},
    posted-at = {2013-11-19 19:39:16},
    priority = {2},
    title = {The local discontinuous Galerkin method for the Oseen equations},
    volume = {73},
    year = {2002}
}

@article{LDGOseen,
    author = {Cockburn, Bernardo and Kanschat, Guido and Sch{\"{o}}tzau, Dominik},
    citeulike-article-id = {12794322},
    journal = {Computers \& Fluids},
    keywords = {dpg},
    pages = {491--506},
    posted-at = {2013-11-19 19:39:16},
    priority = {2},
    title = {The local discontinuous {G}alerkin method for linearized incompressible fluid flow: a review},
    volume = {34},
    year = {2005}
}

@article{ChowCarey87,
    author = {Chow, S. S. and Carey, G. F.},
    citeulike-article-id = {12794321},
    journal = {J. Austral. Math. Soc. Ser. B},
    keywords = {dpg},
    pages = {88--102},
    posted-at = {2013-11-19 19:39:16},
    priority = {2},
    title = {Finite Element Error Estimates for Subsonic Flow},
    year = {1987}
}

@article{Chorin68,
    author = {Chorin, Alexandre J.},
    citeulike-article-id = {12794320},
    journal = {Math. Comp},
    keywords = {dpg},
    pages = {745--762},
    posted-at = {2013-11-19 19:39:16},
    priority = {2},
    title = {Numerical solution of the {N}avier-{S}tokes equations},
    volume = {22},
    year = {1968}
}

@article{ChangNelson1997,
    author = {Chang, C. L. and Nelson, John J.},
    citeulike-article-id = {12794319},
    journal = {SIAM J. Num. Anal.},
    keywords = {dpg},
    pages = {480--489},
    posted-at = {2013-11-19 19:39:16},
    priority = {2},
    title = {Least-Squares Finite Element Method for the {S}tokes Problem with Zero Residual of Mass Conservation},
    volume = {34},
    year = {1997}
}

@techreport{ChanHeuerThanhDemkowicz2012,
    author = {Chan, J. and Heuer, N. and Bui-Thanh, T. and Demkowicz, L.},
    citeulike-article-id = {12794318},
    institution = {ICES},
    keywords = {dpg},
    number = {21},
    posted-at = {2013-11-19 19:39:16},
    priority = {2},
    title = {Robust {DPG} method for convection-dominated diffusion problems {II}: a natural inflow condition},
    year = {2012}
}

@techreport{Chan2013,
    author = {Chan, J. and Gopalakrishnan, J. and Demkowicz, L.},
    citeulike-article-id = {12794317},
    institution = {ICES},
    keywords = {dpg},
    posted-at = {2013-11-19 19:39:16},
    priority = {2},
    title = {Global Properties of {DPG} Test Spaces for Convection-Diffusion Problems},
    year = {2013}
}

@techreport{DPG5,
    author = {Chan, J. and Demkowicz, L. and Moser, R. and Roberts, N.},
    citeulike-article-id = {12794316},
    institution = {ICES},
    keywords = {dpg},
    number = {25},
    posted-at = {2013-11-19 19:39:16},
    priority = {2},
    title = {A Class of {Discontinuous Petrov--Galerkin} Methods. {Part V: S}olution of 1{D} {Burgers and Navier--Stokes} Equations},
    year = {2010}
}

@article{CausinSaccoBottasso05,
    author = {Causin, P. and Sacco, R. and Bottasso, C. L.},
    citeulike-article-id = {12794315},
    journal = {M2AN Math. Model. Numer. Anal.},
    keywords = {dpg},
    pages = {1087--1114},
    posted-at = {2013-11-19 19:39:16},
    priority = {2},
    title = {Flux-upwind stabilization of the discontinuous {P}etrov-{G}alerkin formulation with {L}agrange multipliers for advection-diffusion problems},
    volume = {39},
    year = {2005}
}

@article{CausinSacco05,
    author = {Causin, P. and Sacco, R.},
    citeulike-article-id = {12794314},
    journal = {SIAM J. Numer. Anal.},
    keywords = {dpg},
    posted-at = {2013-11-19 19:39:16},
    priority = {2},
    title = {A discontinuous {P}etrov-{G}alerkin method with {L}agrangian multipliers for second order elliptic problems},
    volume = {43},
    year = {2005}
}

@article{Castillo00,
    author = {Castillo, P. and Cockburn, B. and Perugia, I. and Sch{\"{o}}tzau, D.},
    citeulike-article-id = {12794313},
    journal = {SIAM J. Numer. Anal.},
    keywords = {dpg},
    posted-at = {2013-11-19 19:39:16},
    priority = {2},
    title = {An a priori error analysis of the local discontinuous {G}alerkin method for elliptic problems},
    volume = {38},
    year = {2000}
}

@article{FOSLS2,
    address = {Philadelphia, PA, USA},
    author = {Cai, Zhiqiang and Manteuffel, Thomas A. and McCormick, Stephen F.},
    citeulike-article-id = {12794312},
    citeulike-linkout-0 = {http://dx.doi.org/10.1137/S0036142994266066},
    doi = {10.1137/S0036142994266066},
    journal = {SIAM J. Numer. Anal.},
    keywords = {discretization, dpg, elliptic, iterative, least-squares, methods, multigrid, problems, second-order},
    month = apr,
    number = {2},
    pages = {425--454},
    posted-at = {2013-11-19 19:39:15},
    priority = {2},
    publisher = {Society for Industrial and Applied Mathematics},
    title = {First-Order System Least Squares for Second-Order Partial Differential Equations: Part II},
    url = {http://dx.doi.org/10.1137/S0036142994266066},
    volume = {34},
    year = {1997}
}

@article{CaiLazarovManteuffelMcCormick94,
    author = {Cai, R. and Manteuffel, T. A. and McCormick, S. F.},
    citeulike-article-id = {12794311},
    journal = {SIAM J. Numer. Anal.},
    keywords = {dpg},
    pages = {1785--1799},
    posted-at = {2013-11-19 19:39:15},
    priority = {2},
    title = {First-order system least squares for second-order partial differential equations. {I}},
    volume = {31},
    year = {1994}
}

@article{FOSLS1,
    address = {Philadelphia, PA, USA},
    author = {Cai, Z. and Lazarov, R. and Manteuffel, T. A. and McCormick, S. F.},
    citeulike-article-id = {12794310},
    citeulike-linkout-0 = {http://dx.doi.org/10.1137/0731091},
    doi = {10.1137/0731091},
    journal = {SIAM J. Numer. Anal.},
    keywords = {discretization, dpg, elements, elliptic, finite, least-squares, problems, rayleigh-ritz, second-order},
    month = dec,
    number = {6},
    pages = {1785--1799},
    posted-at = {2013-11-19 19:39:15},
    priority = {2},
    publisher = {Society for Industrial and Applied Mathematics},
    title = {First-order system least squares for second-order partial differential equations: part I},
    url = {http://dx.doi.org/10.1137/0731091},
    volume = {31},
    year = {1994}
}

@article{p4est,
    author = {Burstedde, Carsten and Wilcox, Lucas C. and Ghattas, Omar},
    citeulike-article-id = {12794309},
    citeulike-linkout-0 = {http://dx.doi.org/10.1137/100791634},
    doi = {10.1137/100791634},
    journal = {SIAM Journal on Scientific Computing},
    keywords = {dpg},
    number = {3},
    pages = {1103--1133},
    posted-at = {2013-11-19 19:39:15},
    priority = {2},
    title = {{\\texttt{p4est}}: Scalable Algorithms for Parallel Adaptive Mesh Refinement on Forests of Octrees},
    url = {http://dx.doi.org/10.1137/100791634},
    volume = {33},
    year = {2011}
}

@article{Bui-ThanhDemkowiczGhattas11b,
    author = {Bui-Thanh, Tan and Demkowicz, Leszek and Ghattas, Omar},
    citeulike-article-id = {12794308},
    journal = {Submitted to SIAM J. Numer. Anal.},
    keywords = {dpg},
    note = {Also ICES report ICES-11-34, November 2011.},
    posted-at = {2013-11-19 19:39:15},
    priority = {2},
    title = {A Unified Discontinuous {P}etrov-{G}alerkin Method and its Analysis for {F}riedrichs' Systems},
    year = {2011}
}

@article{Bui-ThanhDemkowiczGhattas11a,
    author = {Bui-Thanh, Tan and Demkowicz, Leszek and Ghattas, Omar},
    citeulike-article-id = {12794307},
    journal = {Mathematics Of Computation},
    keywords = {dpg},
    note = {To appear},
    posted-at = {2013-11-19 19:39:15},
    priority = {2},
    title = {Constructively well-posed approximation method with unity inf-sup and continuity constants for partial differential equations},
    year = {2011}
}

@techreport{BuiDemkowiczGhattas11_2,
    author = {Bui-Thanh, T. and Demkowicz, L. and Ghattas, O.},
    citeulike-article-id = {12794306},
    institution = {ICES},
    keywords = {dpg},
    number = {34},
    posted-at = {2013-11-19 19:39:15},
    priority = {2},
    title = {A Unified Discontinuous {Petrov-Galerkin Method} and its Analysis for {F}riedrichs' Systems},
    year = {2011}
}

@book{BrezziFortin,
    author = {Brezzi, F. and Fortin, M.},
    citeulike-article-id = {12794305},
    citeulike-linkout-0 = {http://books.google.com/books?id=yYwZAQAAIAAJ},
    keywords = {dpg},
    posted-at = {2013-11-19 19:39:15},
    priority = {2},
    publisher = {Springer-Verlag},
    series = {Springer series in computational mathematics},
    title = {Mixed and hybrid finite element methods},
    url = {http://books.google.com/books?id=yYwZAQAAIAAJ},
    year = {1991}
}

@article{Brezzi1974,
    author = {Brezzi, F.},
    citeulike-article-id = {12794304},
    journal = {R.A.I.R.O., Anal. Num\'{e}r.},
    keywords = {dpg},
    pages = {129--151},
    posted-at = {2013-11-19 19:39:15},
    priority = {2},
    title = {On the existence, uniqueness, and approximation of saddle point problems arising from {L}agrangian multipliers},
    volume = {2},
    year = {1974}
}

@techreport{DPG1023,
    author = {Bramwell, J. and Demkowicz, L. and Qiu, W.},
    citeulike-article-id = {12794303},
    institution = {ICES},
    keywords = {dpg},
    number = {2010-23},
    posted-at = {2013-11-19 19:39:15},
    priority = {2},
    title = {{Solution of dual-mixed elasticity Equations using Arnold-Falk-Winther Element and discontinuous Petrov-Galerkin method, a comparison}},
    year = {2010}
}

@techreport{BramwellDemkowiczQiu10,
    author = {Bramwell, J. and Demkowicz, L. and Qiu, W.},
    citeulike-article-id = {12794302},
    institution = {ICES},
    keywords = {dpg},
    number = {23},
    posted-at = {2013-11-19 19:39:15},
    priority = {2},
    title = {Solution of Dual--Mixed Elasticity Equations Using {A}rnold--{F}alk--{W}inther Element and Discontinuous {P}etrov {G}alerkin Method. {A} Comparison},
    year = {2010}
}

@article{BramwellDemkowiczGopalakrishnanQiu11,
    author = {Bramwell, J. and Demkowicz, L. and Gopalakrishnan, J. and Qiu, W.},
    citeulike-article-id = {12794301},
    journal = {Num. Math.},
    keywords = {dpg},
    posted-at = {2013-11-19 19:39:15},
    priority = {2},
    title = {A Locking-free \$hp\$ {DPG} Method for Linear Elasticity with Symmetric Stresses},
    year = {2012}
}

@article{BramblePasciak04,
    author = {Bramble, J. H. and Pasciak, J. E.},
    citeulike-article-id = {12794300},
    journal = {Math. Comp.},
    keywords = {dpg},
    pages = {1739--1762},
    posted-at = {2013-11-19 19:39:15},
    priority = {2},
    title = {A new approximation technique for div-curl systems},
    volume = {73},
    year = {2004}
}

@article{BrambleLazarovPasciak97,
    author = {Bramble, J. H. and Lazarov, R. D. and Pasciak, J. E.},
    citeulike-article-id = {12794299},
    journal = {Math. Comp},
    keywords = {dpg},
    posted-at = {2013-11-19 19:39:15},
    priority = {2},
    title = {A least-squares approach based on a discrete minus one inner product for first order systems},
    volume = {66},
    year = {1997}
}

@article{BottassoMichelettiSacco02,
    author = {Bottasso, C. L. and Micheletti, S. and Sacco, R.},
    citeulike-article-id = {12794298},
    journal = {Comput. Methods Appl. Mech. Engrg.},
    keywords = {dpg},
    pages = {3391--3409},
    posted-at = {2013-11-19 19:39:15},
    priority = {2},
    title = {The discontinuous {P}etrov-{G}alerkin method for elliptic problems},
    volume = {191},
    year = {2002}
}

@article{BottassoMichelettiSacco05,
    author = {Bottasso, C. L. and Micheletti, S. and Sacco, R.},
    citeulike-article-id = {12794297},
    journal = {Comput. Methods Appl. Mech. Engrg.},
    keywords = {dpg},
    pages = {2819--2838},
    posted-at = {2013-11-19 19:39:15},
    priority = {2},
    title = {A multiscale formulation of the discontinuous {P}etrov-{G}alerkin method for advective-diffusive problems},
    volume = {194},
    year = {2005}
}

@incollection{BoffiBrezziFortin,
    author = {Boffi, D. and Brezzi, F. and Fortin, M.},
    booktitle = {Lecture Notes in Mathematics},
    citeulike-article-id = {12794296},
    keywords = {dpg},
    pages = {45--100},
    posted-at = {2013-11-19 19:39:15},
    priority = {2},
    publisher = {Springer},
    title = {Finite Elements for the {S}tokes Problem},
    volume = {1939},
    year = {2008}
}

@article{Intrepid,
    author = {Bochev, Pavel B. and Kirby, Robert C. and Peterson, Kara J. and Ridzal, Denis},
    citeulike-article-id = {12794295},
    journal = {http://trilinos.sandia.gov/packages/intrepid/},
    keywords = {dpg},
    posted-at = {2013-11-19 19:39:15},
    priority = {2},
    title = {Intrepid Project}
}

@inbook{Bochev,
    author = {Bochev, Pavel B. and Gunzberger, Max D.},
    citeulike-article-id = {12794294},
    keywords = {dpg},
    pages = {114--128},
    posted-at = {2013-11-19 19:39:15},
    priority = {2},
    publisher = {Springer},
    series = {Applied Mathematical Sciences},
    title = {Least-Squares Finite Element Methods},
    volume = {166},
    year = {2009}
}

@article{BochevLehoucq,
    author = {Bochev, Pavel and Lehoucq, R. B.},
    citeulike-article-id = {12794293},
    journal = {SIAM Review},
    keywords = {dpg},
    month = mar,
    number = {1},
    pages = {55--66},
    posted-at = {2013-11-19 19:39:15},
    priority = {2},
    title = {On the Finite Element Solution of the Pure {N}eumann Problem},
    volume = {47},
    year = {2005}
}

@article{Bochev2010,
    author = {Bochev, P. and Lai, J. and Olson, L.},
    citeulike-article-id = {12794292},
    journal = {International Journal for Numerical Methods in Fluids},
    keywords = {dpg},
    pages = {782--804},
    posted-at = {2013-11-19 19:39:15},
    priority = {2},
    title = {A locally conservative, discontinuous least-squares finite element method for the Stokes equations},
    volume = {68},
    year = {2010}
}

@article{BarboneHarari01,
    author = {Barbone, P. E. and Harari, I.},
    citeulike-article-id = {12794291},
    journal = {Comput. Methods Appl. Mech. Engrg.},
    keywords = {dpg},
    posted-at = {2013-11-19 19:39:15},
    priority = {2},
    title = {Nearly \$H^1\$-optimal Finite Element Methods},
    volume = {190},
    year = {2001}
}

@inproceedings{BangerthKanschat99,
    author = {Bangerth, Wolfgang and Kanschat, Guido},
    booktitle = {Preprint 43, SFB 359},
    citeulike-article-id = {12794290},
    keywords = {dpg},
    posted-at = {2013-11-19 19:39:15},
    priority = {2},
    title = {Concepts for object-oriented finite element software -- the deal.{II} library},
    year = {1999}
}

@article{dealiiwithp4est,
    author = {Bangerth, Wolfgang and Burstedde, Carsten and Heister, Timo and Kronbichler, Martin},
    citeulike-article-id = {12794289},
    journal = {ACM Transactions on Mathematical Software},
    keywords = {dpg},
    number = {2},
    posted-at = {2013-11-19 19:39:15},
    priority = {2},
    title = {Algorithms and Data Structures for Massively Parallel Generic Adaptive Finite Element Codes},
    volume = {38},
    year = {2011}
}

@article{BanasDemkowicz96,
    author = {Bana\'{s}, K. and Demkowicz, L.},
    citeulike-article-id = {12794288},
    journal = {Journal of Computational Physics},
    keywords = {dpg},
    pages = {181--201},
    posted-at = {2013-11-19 19:39:14},
    priority = {2},
    title = {Entropy Controlled Adaptive Finite Element Simulations for Compressible Gas Flow},
    volume = {126},
    year = {1996}
}

@article{BabuskaOdenLee77,
    author = {Babu\v{s}ka, I. and Oden, J. T. and Lee, J. K.},
    citeulike-article-id = {12794287},
    journal = {Comput. Methods Appl. Mech. Engrg.},
    keywords = {dpg},
    number = {2},
    pages = {175--206},
    posted-at = {2013-11-19 19:39:14},
    priority = {2},
    title = {Mixed-hybrid finite element approximations of second-order elliptic boundary value problems},
    volume = {14},
    year = {1977}
}

@article{BabuskaOdenLee78,
    author = {Babu\v{s}ka, I. and Oden, J. T. and Lee, J. K.},
    citeulike-article-id = {12794286},
    journal = {Comput. Methods Appl. Mech. Engrg.},
    keywords = {dpg},
    number = {1},
    pages = {1--22},
    posted-at = {2013-11-19 19:39:14},
    priority = {2},
    title = {Mixed-hybrid finite element approximations of second-order elliptic boundary value problems. {II. Weak}-hybrid methods.},
    volume = {14},
    year = {1978}
}

@article{BabuskaCalozOsborn94,
    author = {Babu{\v{s}}ka, Iv and Caloz, G. and Osborn, E.},
    citeulike-article-id = {12794285},
    journal = {SIAM J. Numer. Anal.},
    keywords = {dpg},
    pages = {945--981},
    posted-at = {2013-11-19 19:39:14},
    priority = {2},
    title = {Special Finite Element Methods for a Class of Second Order Elliptic Problems with Rough Coefficients},
    year = {1994}
}

@book{BabuskaAziz72,
    address = {New York},
    annote = {pp.\~{}1--359},
    author = {Babu{\v{s}}ka, I. and Aziz, A. K.},
    citeulike-article-id = {12794284},
    keywords = {dpg},
    note = {With the collaboration of G. Fix and R. B. Kellogg},
    posted-at = {2013-11-19 19:39:14},
    priority = {2},
    publisher = {Academic Press},
    title = {Survey lectures on the mathematical foundations of the finite element method, in The mathematical foundations of the finite element method with applications to partial differential equations ({P}roc. {S}ympos., {U}niv. {M}aryland, {B}altimore, {M}d., 1972)},
    year = {1972}
}

@article{Babuska70,
    author = {Babu{\v{s}}ka, I.},
    citeulike-article-id = {12794283},
    journal = {Numer. Math},
    keywords = {dpg},
    posted-at = {2013-11-19 19:39:14},
    priority = {2},
    title = {Error-bounds for finite element method},
    volume = {16},
    year = {1970/1971}
}

@article{AFW:2007:MMEW,
    author = {Arnold, D. N. and Falk, R. S. and Winther, R.},
    citeulike-article-id = {12794282},
    journal = {Mathematics of Computation},
    keywords = {dpg},
    pages = {1699--1723},
    posted-at = {2013-11-19 19:39:14},
    priority = {2},
    title = {Mixed finite element methods for linear elasticity with weakly imposed symmetry},
    volume = {76},
    year = {2007}
}

@article{AinsworthWajid09,
    author = {Ainsworth, M. and Wajid, H.},
    citeulike-article-id = {12794281},
    journal = {University of Strathclyde Mathmatics Research Report},
    keywords = {dpg},
    number = {12},
    posted-at = {2013-11-19 19:39:14},
    priority = {2},
    title = {Optimally blended spectral-finite element scheme for wave propagation, and non-standard reduced integration},
    year = {2009}
}

@book{AinsworthOden00,
    address = {New York},
    author = {Ainsworth, M. and Oden, J. T.},
    citeulike-article-id = {12794280},
    keywords = {dpg},
    posted-at = {2013-11-19 19:39:14},
    priority = {2},
    publisher = {Wiley and Sons, Inc.},
    title = {A Posteriori Error Estimation in Finite Element Analysis},
    year = {2000}
}

@article{TrilinosShortAuthors,
    address = {New York, NY, USA},
    author = {Et Al},
    citeulike-article-id = {12794279},
    citeulike-linkout-0 = {http://dx.doi.org/http://doi.acm.org/10.1145/1089014.1089021},
    doi = {http://doi.acm.org/10.1145/1089014.1089021},
    journal = {ACM Trans. Math. Softw.},
    keywords = {dpg},
    number = {3},
    pages = {397--423},
    posted-at = {2013-11-19 19:39:14},
    priority = {2},
    publisher = {ACM Press},
    title = {{An overview of the Trilinos project}},
    url = {http://dx.doi.org/http://doi.acm.org/10.1145/1089014.1089021},
    volume = {31},
    year = {2005}
}

@article{CostabelMcIntosh,
    author = {Costabel, M. and McIntosh, A.},
    citeulike-article-id = {12794278},
    journal = {Mathematische Zeitschrift},
    keywords = {dpg},
    number = {2},
    pages = {297--320},
    posted-at = {2013-11-19 19:39:14},
    priority = {2},
    title = {On Bogovski{\\u \\i} and regularized Poincar{\'{e}} integral operators for de Rham complexes on Lipschitz domains},
    volume = {265},
    year = {2010}
}

