@article{ArnoldDG,
 author = {Arnold, D.N. and Brezzi, F. and Cockburn, B. and Marini, L.D.},
 title = {Unified Analysis of Discontinuous {G}alerkin Methods for Elliptic Problems},
 journal = {SIAM J. Numer. Anal.},
 issue_date = {2001},
 volume = {39},
 number = {5},
 month = {May},
 year = {2001},
 issn = {0036-1429},
 pages = {1749--1779},
 numpages = {31},
 url = {http://dx.doi.org/10.1137/S0036142901384162},
 doi = {10.1137/S0036142901384162},
 acmid = {588544},
 publisher = {Society for Industrial and Applied Mathematics},
 address = {Philadelphia, PA, USA},
} 

@techreport{ReedHillDG,
title = {{Triangular mesh methods for the neutron transport equation}},
author = {Reed, W.H. and Hill, T.R.},
number={LA-UR-73-479},
institution={Los Alamos National Laboratory},
year={1973}
}

@article{VMS,
title = "The variational multiscale method -- a paradigm for computational mechanics ",
journal = "Comput. Methods in Appl. Mech. Eng.",
volume = "166",
number = "1–2",
pages = "3 - 24",
year = "1998",
note = "Advances in Stabilized Methods in Computational Mechanics ",
issn = "0045-7825",
doi = "http://dx.doi.org/10.1016/S0045-7825(98)00079-6",
url = "http://www.sciencedirect.com/science/article/pii/S0045782598000796",
author = "T.J.R. Hughes and G.R. Feijóo and L. Mazzei and J.-B. Quincy"
}

@article{SUPG,
author = {Brooks, A.N. and Hughes, T.J.R.},
title = {Streamline Upwind/{P}etrov-{G}alerkin Formulations for Convection Dominated Flows with Particular Emphasis on the Incompressible {N}avier-{S}tokes Equations},
journal = {Comput. Methods Appl. Mech. Eng.},
issue_date = {Aug. 1990},
month = sep,
year = {1990},
issn = {0045-7825},
pages = {199--259},
numpages = {61},
url = {http://dl.acm.org/citation.cfm?id=99300.99305},
acmid = {99305},
publisher = {Elsevier Sequoia S. A.},
address = {Lausanne, Switzerland, Switzerland},
} 

@book{ChungCFD,
author = {Chung, T.J.},
publisher = {Cambridge University Press},
title = {Computational Fluid Dynamics},
edition = {1st},
year = {2002}
}

@article{Noh1987,
title = "Errors for calculations of strong shocks using an artificial viscosity and an artificial heat flux ",
journal = "J. Comp. Phys.",
volume = "72",
number = "1",
pages = "78 - 120",
year = "1987",
note = "",
issn = "0021-9991",
doi = "http://dx.doi.org/10.1016/0021-9991(87)90074-X",
url = "http://www.sciencedirect.com/science/article/pii/002199918790074X",
author = "W.F. Noh"
}

@article{Sod1978,
title = "A survey of several finite difference methods for systems of nonlinear hyperbolic conservation laws ",
journal = "J. Comp. Phys.",
volume = "27",
number = "1",
pages = "1 - 31",
year = "1978",
note = "",
issn = "0021-9991",
doi = "http://dx.doi.org/10.1016/0021-9991(78)90023-2",
url = "http://www.sciencedirect.com/science/article/pii/0021999178900232",
author = "G.A. Sod"
}

@misc{BlastWebPage,
author = {Tz. Kolev and R. Rieben and V. Dobrev and R. Anderson},
title = {{BLAST: Paving the Way for Future Computing Architectures}},
howpublished = "\url{https://computation-rnd.llnl.gov/blast/}",
year = {2014}, 
note = "[Online; accessed 6-March-2014]"
}

@article{Griffiths1997,
address = {Department of Mathematics and Computer Science, The University, Dundee DD1 4HN, U.K.},
author = {Griffiths, D.F.},
day = {28},
doi = {10.1002/(sici)1097-0363(19970228)24:4%3C393::aid-fld505%3E3.0.co;2-o},
journal = {Int. J. Numer. Meth. Fluids},
month = feb,
number = {4},
pages = {393--411},
posted-at = {2014-01-16 22:27:29},
priority = {2},
publisher = {John Wiley \& Sons, Ltd},
title = {The 'No Boundary Condition' Outflow Boundary Condition},
url = {http://dx.doi.org/10.1002/(sici)1097-0363(19970228)24:4%3C393::aid-fld505%3E3.0.co;2-o},
volume = {24},
year = {1997}
}

@techreport{Chan2013dpg,
title={A {DPG} Method for Steady Viscous Compressible Flow},
author={J.L. Chan and L.F. Demkowicz and R.D. Moser},
number={13-23},
institution={Institute for Computational Engineering and Sciences},
month={August},
year={2013}
}

@article{Renardy1997,
address = {Department of Mathematics, Virginia Tech, Blacksburg, VA 24061-0123, U.S.A.},
author = {Renardy, M.},
day = {28},
doi = {10.1002/(sici)1097-0363(19970228)24:4%3C413::aid-fld507%3E3.0.co;2-n},
journal = {Int. J. Numer. Meth. Fluids},
month = feb,
number = {4},
pages = {413--417},
posted-at = {2014-01-16 22:25:49},
priority = {2},
publisher = {John Wiley \& Sons, Ltd},
title = {Imposing 'No' Boundary Condition At Outflow: Why Does IT Work?},
url = {http://dx.doi.org/10.1002/(sici)1097-0363(19970228)24:4%3C413::aid-fld507%3E3.0.co;2-n},
volume = {24},
year = {1997}
}

@incollection{Carter1973,
author = {Carter, J.E.},
booktitle = {Proceedings of the Third International Conference on Numerical Methods in Fluid Mechanics},
doi = {10.1007/bfb0112678},
editor = {Cabannes, Henri and Temam, Roger},
pages = {69--78},
posted-at = {2014-01-15 17:26:00},
priority = {2},
publisher = {Springer Berlin Heidelberg},
series = {Lecture Notes in Physics},
title = {Numerical solutions of the supersonic, laminar flow over a two-dimensional compression corner},
url = {http://dx.doi.org/10.1007/bfb0112678},
volume = {19},
year = {1973}
}

@phdthesis{KirkDissertation,
author = {Kirk, B.},
institution = {Computational and Applied Mathematics},
posted-at = {2014-01-15 16:52:18},
priority = {2},
school = {University of Texas at Austin},
title = {Adaptive Finite Element Simulation of Flow and Transport Applications on Parallel Computers},
year = {2009}
}

@article{Burgers2D,
author = {Zhu, H. and Shu, H. and Ding, M.},
day = {15},
doi = {10.1016/j.camwa.2010.05.031},
issn = {08981221},
journal = {Comp. Math. Appl.},
month = aug,
number = {3},
pages = {840--848},
posted-at = {2014-01-02 22:20:49},
priority = {2},
title = {Numerical solutions of two-dimensional {B}urgers' equations by discrete {A}domian decomposition method},
url = {http://dx.doi.org/10.1016/j.camwa.2010.05.031},
volume = {60},
year = {2010}
}

@article{Bijl2002,
author = {Bijl, H. and Carpenter, M.H. and Vatsa, V.N. and Kennedy, C.A.},
doi = {10.1006/jcph.2002.7059},
issn = {00219991},
journal = "J. Comp. Phys.",
month = jun,
number = {1},
pages = {313--329},
posted-at = {2014-01-02 18:02:10},
priority = {0},
title = {Implicit Time Integration Schemes for the Unsteady Compressible {N}avier–{S}tokes Equations: Laminar Flow},
url = {http://dx.doi.org/10.1006/jcph.2002.7059},
volume = {179},
year = {2002}
}

@article{WENO,
title = "Weighted Essentially Non-oscillatory Schemes ",
journal = "J. Comp. Phys.",
volume = "115",
number = "1",
pages = "200 - 212",
year = "1994",
note = "",
issn = "0021-9991",
doi = "http://dx.doi.org/10.1006/jcph.1994.1187",
url = "http://www.sciencedirect.com/science/article/pii/S0021999184711879",
author = "X. Liu and S. Osher and T. Chan"
}

@article{ENO,
title = "Uniformly High Order Accurate Essentially Non-oscillatory Schemes, {III} ",
journal = "J. Comp. Phys.",
volume = "131",
number = "1",
pages = "3 - 47",
year = "1997",
note = "",
issn = "0021-9991",
doi = "http://dx.doi.org/10.1006/jcph.1996.5632",
url = "http://www.sciencedirect.com/science/article/pii/S0021999196956326",
author = "A. Harten and B. Engquist and S. Osher and S.R. Chakravarthy"
}

@techreport{Ellis2013Report,
author = {T.E. Ellis and L.F. Demkowicz and J.L. Chan},
institution = {ICES},
month = dec,
posted-at = {2013-12-23 20:58:51},
priority = {2},
title = {Locally Conservative Discontinuous {P}etrov-{G}alerkin Finite Elements For Fluid Problems},
year = {2013}
}

@phdthesis{NateDissertation,
author = {Roberts, N.V.},
posted-at = {2013-12-19 22:58:59},
priority = {2},
school = {University of Texas at Austin},
title = {A Discontinuous {P}etrov-{G}alerkin Methodology for Incompressible Flow Problems},
year = {2013}
}

@phdthesis{JesseDissertation,
author = {Chan, J.L.},
posted-at = {2013-12-19 22:56:55},
priority = {2},
school = {University of Texas at Austin},
title = {A {DPG} Method for Convection-Diffusion Problems},
year = {2013}
}

@article{Rhebergen2013,
address = {San Diego, CA, USA},
author = {Rhebergen, S. and Cockburn, B. and Van Der Vegt, J.J.W.},
doi = {10.1016/j.jcp.2012.08.052},
issn = {0021-9991},
journal = {J. Comput. Phys.},
month = jan,
pages = {339--358},
posted-at = {2013-12-17 21:54:28},
priority = {2},
publisher = {Academic Press Professional, Inc.},
title = {A Space-time Discontinuous {G}alerkin Method for the Incompressible {N}avier-{S}tokes Equations},
url = {http://dx.doi.org/10.1016/j.jcp.2012.08.052},
volume = {233},
year = {2013}
}

@article{CostabelMcIntosh,
author = {Costabel, M. and McIntosh, A.},
booktitle = {Mathematische Zeitschrift},
doi = {10.1007/s00209-009-0517-8},
journal = {Math. Z.},
number = {2},
pages = {297--320},
posted-at = {2013-12-17 20:02:04},
priority = {2},
publisher = {Springer-Verlag},
title = {On {B}ogovski\u{i} and regularized {P}oincar\'{e} integral operators for de {R}ham complexes on {L}ipschitz domains},
url = {http://dx.doi.org/10.1007/s00209-009-0517-8},
volume = {265},
year = {2010}
}

@inproceedings{Lew2003,
author = {Lew, A. and Marsden, J.E. and Ortiz, M. and West, M.},
booktitle = {Arch. Rational Mech. Anal.},
priority = {0},
title = {Asynchronous Variational Integrators},
url = {http://citeseerx.ist.psu.edu/viewdoc/summary?doi=10.1.1.138.6730},
year = {2003}
}

@techreport{BabuskaBrezziReport,
author = {Demkowicz, L.F.},
institution = {ICES},
priority = {2},
title = {Babu\v{s}ka $\Leftrightarrow$ {B}rezzi?},
year = {2006}
}

@article{DPG4,
author = {Zitelli, J. and Muga, I. and Demkowicz, L.F. and Gopalakrishnan, J. and Pardo, D. and Calo, V.},
journal = {J. Comp. Phys.},
pages = {2406--2432},
posted-at = {2013-11-19 19:39:20},
priority = {2},
title = {A Class of Discontinuous {P}etrov-{G}alerkin Methods. {Part IV:} {W}ave Propagation Problems},
volume = {230},
year = {2011}
}

article{ZhuSchotzau10,
author = {Zhu, I. and Sch\"{o}tzau},
journal = {IMA Journal of Numerical Analysis},
note = {Advance Access published April 28, 2010},
pages = {1--35},
posted-at = {2013-11-19 19:39:20},
priority = {2},
title = {A Robust a Posteriori Error Estimate for $hp$-Adaptive DG methods for Convection-Diffusion Equations},
year = {2010}
}

article{Williamson1996,
author = {Williamson, C. H. K.},
journal = {Annual review of Fluid Mechanics},
pages = {477--539},
posted-at = {2013-11-19 19:39:20},
priority = {0},
title = {{Vortex dynamics in the cylinder wake}},
volume = {28},
year = {1996}
}

book{IntroCFD,
author = {Versteeg, H. K. and Malalasekera, W.},
posted-at = {2013-11-19 19:39:20},
priority = {2},
publisher = {Prentice Hall},
title = {An Introduction to Computational Fluid Dynamics: The Finite Volume Method},
url = {http://books.google.com/books?id=RvBZ-UMpGzIC},
year = {2007}
}

phdthesis{Strikwerda76,
author = {Strikwerda, J. C.},
posted-at = {2013-11-19 19:39:20},
priority = {2},
school = {Dept. of Math., Standford},
title = {Initial Boundary Value Problems for Incompletely Parabolic Problems},
year = {1976}
}

book{Showalter,
address = {London},
author = {Showalter, R. E.},
posted-at = {2013-11-19 19:39:19},
priority = {2},
publisher = {Pitman Publishing Limited},
title = {Hilbert Space Methods for Partial Differential Equations},
year = {1977}
}

incollection{shewchuk96b,
author = {Shewchuk, Jonathan R.},
booktitle = {Applied Computational Geometry: Towards Geometric Engineering},
editor = {Lin, Ming C. and Manocha, Dinesh},
month = may,
note = {From the First ACM Workshop on Applied Computational Geometry},
pages = {203--222},
posted-at = {2013-11-19 19:39:19},
priority = {2},
publisher = {Springer-Verlag},
series = {Lecture Notes in Computer Science},
title = {Triangle: {E}ngineering a {2D} {Q}uality {M}esh {G}enerator and {D}elaunay {T}riangulator},
volume = {1148},
year = {1996}
}

article{SchwabSuri96,
author = {Schwab, C. and Suri, M.},
journal = {Math. Comput.},
number = {216},
pages = {1403--1429},
posted-at = {2013-11-19 19:39:19},
priority = {2},
title = {The $p$ and $hp$ versions of the finite element method for problems with boundary layers},
volume = {65},
year = {1996}
}

book{RoosStynesTobiska08,
address = {Berlin},
author = {Roos, H. G. and Stynes, M. and Tobiska, L.},
edition = {2nd},
posted-at = {2013-11-19 19:39:19},
priority = {2},
publisher = {Springer-Verlag},
series = {Springer Series in Computational Mathematics},
title = {Robust Numerical Methods for Singularly Perturbed Differential Equations},
volume = {24},
year = {2008}
}

book{roos2008robust,
author = {Roos, H. and Stynes, M. and Tobiska, L.},
posted-at = {2013-11-19 19:39:19},
priority = {2},
publisher = {Springer},
series = {Springer series in computational mathematics},
title = {Robust numerical methods for singularly perturbed differential equations: convection-diffusion-reaction and flow problems},
url = {http://books.google.com/books?id=tdnw1p2JoEIC},
year = {2008}
}

@techreport{Roberts2011,
author = {Roberts, N.V. and Ridzal, D. and Bochev, P.B. and Demkowicz, L.F.},
institution = {Sandia National Laboratories},
number = {SAND2011-6678},
posted-at = {2013-11-19 19:39:19},
priority = {2},
title = {A Toolbox for a Class of Discontinuous {P}etrov-{G}alerkin Methods Using {T}rilinos},
url = {https://cfwebprod.sandia.gov/cfdocs/CCIM/docs/Roberts_et_al_SAND2011-6678.pdf},
year = {2011}
}

@article{DPGStokes,
title = "The \{DPG\} method for the {S}tokes problem ",
journal = {Comp. Math. Appl.},
volume = "67",
number = "4",
pages = "966 - 995",
year = "2014",
note = "High-order Finite Element Approximation for Partial Differential Equations ",
issn = "0898-1221",
doi = "http://dx.doi.org/10.1016/j.camwa.2013.12.015",
url = "http://www.sciencedirect.com/science/article/pii/S0898122113007116",
author = "Nathan V. Roberts and Tan Bui-Thanh and Leszek Demkowicz",
}

@incollection{Roberts2010,
author = {Roberts, N.V. and Ridzal, D. and Bochev, P.N. and Demkowicz, L.F. and Peterson, K.J. and Siefert, C.M.},
booktitle = {CSRI Summer Proceedings 2010},
priority = {2},
publisher = {Sandia National Laboratories},
title = {Application of a Discontinuous {P}etrov-{G}alerkin Method to the {S}tokes Equations},
year = {2010}
}

electronic{Rannacher99,
author = {Rannacher, Rolf},
posted-at = {2013-11-19 19:39:19},
priority = {2},
title = {Finite Element Methods for the Incompressible {N}avier-{S}tokes Equations (lecture notes)},
url = {http://www.numerik.uni-hd.de/Oberwolfach-Seminar/CFD-Course.pdf},
year = {1999}
}

@article{Perot2011,
author = {Perot, J.B.},
doi = {10.1146/annurev-fluid-122109-160645},
institution = {University of Massachusetts, Amherst},
journal = {Annu. Rev. Fluid Mech.},
pages = {299--318},
posted-at = {2013-11-19 19:39:18},
priority = {2},
title = {Discrete Conservation Properties of Unstructured Mesh Schemes},
url = {http://dx.doi.org/10.1146/annurev-fluid-122109-160645},
volume = {43},
year = {2011}
}

@article{OrszagEtAl,
author = {Orszag, S.A. and Israeli, M. and Deville, M.O.},
journal = {J. of Sci. Comput.},
number = {1},
pages = {75--111},
posted-at = {2013-11-19 19:39:18},
priority = {2},
publisher = {Springer},
title = {Boundary conditions for incompressible flows},
url = {http://www.springerlink.com/index/10.1007/BF01061454},
volume = {1},
year = {1986}
}

book{OdenDemkowicz10,
author = {Oden, J. Tinsley and Demkowicz, L. F.},
keywords = {dpg},
posted-at = {2013-11-19 19:39:18},
priority = {2},
publisher = {CRC Press},
title = {Applied functional analysis},
year = {2010}
}

book{FAbook,
address = {Boca Raton},
author = {Oden, J. T. and Demkowicz, L. F.},
keywords = {dpg},
note = {Second edition},
posted-at = {2013-11-19 19:39:18},
priority = {2},
publisher = {Chapman \& Hall/CRC Press},
title = {Applied Functional Analysis for Science and Engineering},
year = {2010}
}

@article{NiemiBramwellDemkowicz10,
author = {Niemi, A.H. and Bramwell, J.A. and Demkowicz, L.F.},
journal = "Comput. Methods in Appl. Mech. Eng.",
keywords = {dpg},
month = feb,
number = {9-12},
pages = {1291--1300},
posted-at = {2013-11-19 19:39:18},
priority = {2},
title = {Discontinuous {P}etrov-{G}alerkin Method with Optimal Test Functions for Thin-Body Problems in Solid Mechanics},
volume = {200},
year = {2011}
}

@article{NguyenPeraireCockburn09,
author = {Nguyen, N. and Peraire, J. and Cockburn, B.},
journal = "J. Comp. Phys.",
keywords = {dpg},
posted-at = {2013-11-19 19:39:18},
priority = {2},
title = {An Implicit High-order Hybridizable Discontinuous {G}alerkin Method for Linear Convection-Diffusion Equations},
volume = {228},
year = {2009}
}

article{N80,
author = {N\'{e}d\'{e}lec, J. C.},
journal = {Numer. Math.},
keywords = {dpg},
pages = {315--341},
posted-at = {2013-11-19 19:39:18},
priority = {2},
title = {Mixed Finite Elements in \${\\doubleIR}^3\$},
volume = {35},
year = {1980}
}

@article{MoroNguyenPeraire11,
author = {Moro, D. and Nguyen, N.C. and Peraire, J.},
journal = {Int.J. Num. Meth. Eng.},
keywords = {dpg},
posted-at = {2013-11-19 19:39:18},
priority = {2},
title = {A Hybridized Discontinuous {P}etrov-{G}alerkin Scheme for Scalar Conservation Laws},
year = {2011}
}

article{Moffat,
author = {Moffat, H. K.},
journal = {Journal of Fluid Mechanics},
keywords = {dpg},
number = {1},
pages = {1--18},
posted-at = {2013-11-19 19:39:18},
priority = {2},
title = {Viscous and Resistive Eddies Near a Sharp Corner},
volume = {18},
year = {1964}
}

article{REFTREE,
author = {Mitchell, W. F.},
journal = {Journal of Parallel and Distributed Computing},
keywords = {dpg},
pages = {417--429},
posted-at = {2013-11-19 19:39:18},
priority = {2},
title = {A Refinement-tree Based Partitioning Method for Dynamic Load Balancing with Adaptively Refined Grids},
volume = {67},
year = {2007}
}

book{Melenk02,
address = {Berlin},
author = {Melenk, J. M.},
keywords = {dpg},
posted-at = {2013-11-19 19:39:18},
priority = {2},
publisher = {Springer},
title = {$hp$-{Finite Element Methods for Singular Perturbations}},
year = {2002}
}

book{McLean,
author = {McLean, W.},
keywords = {dpg},
posted-at = {2013-11-19 19:39:18},
priority = {2},
publisher = {Cambridge University Press},
title = {Strongly Elliptic Systems and Boundary Integral Equations},
year = {2000}
}

book{Ladyzhenskaya,
author = {Ladyzhenskaya, O. A.},
keywords = {dpg},
posted-at = {2013-11-19 19:39:18},
priority = {2},
publisher = {Gordon and Breach, London},
title = {The Mathematical Theory of Viscous Incompressible Flows},
year = {1969}
}

@article{Kovasznay,
author = {Kovasznay, L.I.G.},
doi = {10.1017/S0305004100023999},
eprint = {http://journals.cambridge.org/article\_S0305004100023999},
journal = {Math. Proc. Cambridge Philos. Soc.},
keywords = {dpg},
number = {01},
pages = {58--62},
posted-at = {2013-11-19 19:39:18},
priority = {2},
title = {Laminar flow behind a two-dimensional grid},
url = {http://dx.doi.org/10.1017/S0305004100023999},
volume = {44},
year = {1948}
}

article{KovasznayCylinder,
author = {Kovasznay, L. S. G.},
journal = {Proceedings of the Royal Society of London. Series A, Mathematical and Physical Sciences},
keywords = {dpg},
number = {1053},
pages = {174--190},
posted-at = {2013-11-19 19:39:18},
priority = {2},
title = {Hot-Wire Investigation of the Wake behind Cylinders at Low {R}eynolds Numbers},
volume = {198},
year = {1949}
}

@article{Kirk2006,
address = {London, UK, UK},
author = {Kirk, B.S. and Peterson, J.W. and Stogner, R.H. and Carey, G.F.},
doi = {10.1007/s00366-006-0049-3},
journal = {Eng. with Comput.},
month = dec,
number = {3},
pages = {237--254},
posted-at = {2013-11-19 19:39:18},
priority = {2},
publisher = {Springer-Verlag},
title = {lib{M}esh: a {C}++ library for parallel adaptive mesh refinement/coarsening simulations},
url = {http://dx.doi.org/10.1007/s00366-006-0049-3},
volume = {22},
year = {2006}
}

article{KarniadakisEtAl,
author = {Karniadakis, G. and Israeli, M. and Orszag, S.},
journal = {Journal of Computational Physics},
keywords = {dpg},
number = {2},
pages = {414--443},
posted-at = {2013-11-19 19:39:18},
priority = {2},
publisher = {Elsevier},
title = {High-order splitting methods for the incompressible Navier-Stokes equations},
url = {http://linkinghub.elsevier.com/retrieve/pii/0021999191900078},
volume = {97},
year = {1991}
}

book{Ihlenburg,
address = {New York},
author = {Ihlenburg, F.},
keywords = {dpg},
posted-at = {2013-11-19 19:39:18},
priority = {2},
publisher = {Springer-Verlag},
series = {Applied Mathematical Sciences},
title = {Finite Element Analysis of Acoustic Scattering},
volume = {132},
year = {1998}
}

article{HuttunenMonkKaipio02,
author = {Huttunen, T. and Monk and Kaipio, J. P.},
journal = {J. Comp. Phys.},
keywords = {dpg},
number = {1},
pages = {27--46},
posted-at = {2013-11-19 19:39:18},
priority = {2},
title = {Computational Aspects of the Ultra-Weak Variational Formulation},
volume = {182},
year = {2002}
}

article{Hughes,
author = {Hughes, Thomas J. R. and Scovazzi, Guglielmo and Bochev, Pavel B. and Buffa, Annalisa},
doi = {DOI:%2010.1016/j.cma.2005.06.006},
journal = {Computer Methods in Applied Mechanics and Engineering},
keywords = {dpg, galerkin, methods},
number = {19-22},
pages = {2761--2787},
posted-at = {2013-11-19 19:39:17},
priority = {2},
title = {A multiscale discontinuous {G}alerkin method with the computational structure of a continuous {G}alerkin method},
url = {http://www.sciencedirect.com/science/article/B6V29-4HMFJ5F-1/2/5541b393360c41d7bbcbcfe9b9e252bd},
volume = {195},
year = {2006}
}

article{HughesFrancaMallet86,
author = {Hughes, T. J. R. and Franca, L. P. and Mallet, M.},
journal = {Comput. Methods Appl. Mech. Engrg.},
keywords = {dpg},
pages = {223--234},
posted-at = {2013-11-19 19:39:17},
priority = {2},
title = {A New Finite Element Formulation for Computational Fluid Dynamics: I. {S}ymmetric Forms of the Compressible {E}uler and {N}avier-{S}tokes Equations and the Second Law of Thermodynamics},
volume = {54},
year = {1986}
}

article{HoustonSchwabSuli00,
author = {Houston, P. and Schwab, C. and {} and S{\"{u}}li, E.},
journal = {SIAM J. Numer. Anal.},
keywords = {dpg},
note = {(electronic)},
pages = {1618--1643},
posted-at = {2013-11-19 19:39:17},
priority = {2},
title = {Stabilized $hp$-Finite Element Methods for First-order Hyperbolic Problems},
volume = {37},
year = {2000}
}

article{HoustonSchwabSuli02,
author = {Houston, P. and Schwab, C. and {} and S{\"{u}}li, E.},
journal = {SIAM J. Numer. Anal.},
keywords = {dpg},
pages = {2133--2163},
posted-at = {2013-11-19 19:39:17},
priority = {2},
title = {Discontinuous $hp$-Finite Element Methods for Advection-Diffusion-Reaction Problems},
volume = {39},
year = {2002}
}

@article{Trilinos,
address = {New York, NY, USA},
author = {Heroux, M.A. and Bartlett, R.A. and Howle, V.E. and Hoekstra, R.J. and Hu, J.J. and Kolda, T.G. and Lehoucq, R.B. and Long, K.R. and Pawlowski, R.P. and Phipps, E.T. and Salinger, A.G. and Thornquist, H.K. and Tuminaro, R.S. and Willenbring, J.M. and Williams, A. and Stanley, K.S.},
doi = {http://doi.acm.org/10.1145/1089014.1089021},
journal = {ACM Trans. Math. Softw.},
keywords = {dpg},
number = {3},
pages = {397--423},
posted-at = {2013-11-19 19:39:17},
priority = {2},
publisher = {ACM Press},
title = {{An overview of the Trilinos project}},
url = {http://dx.doi.org/http://doi.acm.org/10.1145/1089014.1089021},
volume = {31},
year = {2005}
}

article{GuermondShen,
author = {Guermond, J. L. and Shen, Jie},
journal = {J. Comput. Phys.},
keywords = {dpg},
pages = {262--276},
posted-at = {2013-11-19 19:39:17},
priority = {2},
title = {A new class of truly consistent splitting schemes for incompressible flows},
volume = {192},
year = {2003}
}

article{Guermond06,
author = {Guermond, J. L. and Minev, P. and Shen, Jie},
journal = {Computer Methods in Applied Mechanics and Engineering},
keywords = {dpg},
pages = {6011--6045},
posted-at = {2013-11-19 19:39:17},
priority = {2},
title = {An overview of projection methods for incompressible flows},
volume = {195},
year = {2006}
}

article{GuermondMinev2011,
author = {Guermond, J. L. and Minev, P. D.},
doi = {10.1016/j.cma.2011.02.007},
journal = {Computer Methods in Applied Mechanics and Engineering},
keywords = {dpg, splitting, time},
number = {23--24},
pages = {2083--2093},
posted-at = {2013-11-19 19:39:17},
priority = {2},
title = {A new class of massively parallel direction splitting for the incompressible {N}avier--{S}tokes equations},
url = {http://www.sciencedirect.com/science/article/pii/S0045782511000429},
volume = {200},
year = {2011}
}

article{FLD:FLD505,
author = {Griffiths, D.},
doi = {10.1002/(SICI)1097-0363(19970228)24:4%3C393::AID-FLD505%3E3.0.CO;2-O},
journal = {Int. J. Numer. Methods Fluids},
number = {4},
pages = {393--411},
posted-at = {2013-11-19 19:39:17},
priority = {2},
publisher = {John Wiley \& Sons, Ltd},
title = {The `no boundary condition' outflow boundary condition},
url = {http://dx.doi.org/10.1002/(SICI)1097-0363(19970228)24:4%3C393::AID-FLD505%3E3.0.CO;2-O},
volume = {24},
year = {1997}
}

@techreport{PracticalDPG,
author = {Gopalakrishnan, J. and Qiu, W.},
institution = {IMA},
keywords = {dpg},
note = {submitted},
posted-at = {2013-11-19 19:39:17},
priority = {2},
title = {An analysis of the practical {DPG} method},
year = {2011}
}

article{Givoli88,
author = {Givoli, D.},
journal = {Internat.J.Numer.Methods Engrg.},
keywords = {dpg},
number = {6},
pages = {1281--1298},
posted-at = {2013-11-19 19:39:17},
priority = {2},
title = {Nonlocal and Semilocal Optimal Weighting Functions for Symmetric Problems Involving a Small Parameter},
volume = {26},
year = {1988}
}

book{Gilbarg,
author = {Gilbarg, D. and Trudinger, N. S.},
keywords = {dpg},
posted-at = {2013-11-19 19:39:17},
priority = {2},
publisher = {Springer-Verlag},
title = {Elliptic Partial Differential Equations of Second Order},
year = {1983}
}

article{FLD:FLD582,
author = {Gerbeau, J. F. and Bris, C. Le and Bercovier, M.},
journal = {Int. J. Numer. Methods Fluids},
number = {6},
pages = {679--695},
posted-at = {2013-11-19 19:39:17},
priority = {2},
publisher = {John Wiley \& Sons, Ltd},
title = {Spurious velocities in the steady flow of an incompressible fluid subjected to external forces},
volume = {25},
year = {1997}
}

book{GoFBook,
address = {Boston, MA, USA},
author = {Gamma, E. and Helm, R. and Johnson, R. and Vlissides, J.},
keywords = {dpg},
posted-at = {2013-11-19 19:39:17},
priority = {2},
publisher = {Addison-Wesley Longman Publishing Co., Inc.},
title = {Design patterns: elements of reusable object-oriented software},
year = {1995}
}

article{Friedrichs58,
author = {Friedrichs, Kurt O.},
journal = {Communications on pure and applied mathematics},
keywords = {dpg},
pages = {333--418},
posted-at = {2013-11-19 19:39:17},
priority = {2},
title = {Symmetric positive linear differential Equations},
volume = {XI},
year = {1958}
}

book{Folland,
author = {Folland, G. B.},
keywords = {dpg},
posted-at = {2013-11-19 19:39:17},
priority = {2},
publisher = {Princeton},
title = {Introduction to Partial Differential Equations},
year = {1976}
}

book{FFS03,
address = {Oxford},
author = {Feistauer, M. and Felcman, J. and Straskraba, I.},
keywords = {dpg},
note = {ISBN 0-19-850588-4},
posted-at = {2013-11-19 19:39:17},
priority = {2},
publisher = {Clarendon Press},
title = {Mathematical and Computational Methods for Compressible Flow},
year = {2003}
}

article{FarhatMandelRoux94,
author = {Farhat, Ch and Mandel, J. and Roux, F. X.},
journal = {Comput. Methods Appl. Mech. Engrg.},
keywords = {dpg},
number = {3-4},
pages = {365--385},
posted-at = {2013-11-19 19:39:17},
priority = {2},
title = {Optimal convergence properties of the {FETI} domain decomposition method},
volume = {115},
year = {1994}
}

techreport{EvansHughesUnsteadyNavierStokes,
author = {Evans, J. and Hughes, T. J. R.},
institution = {ICES},
keywords = {dpg},
number = {12-15},
posted-at = {2013-11-19 19:39:17},
priority = {2},
title = {Isogeometric Divergence-conforming {B}-splines for the Unsteady {N}avier-{S}tokes Equations},
year = {2012}
}

techreport{EvansHughesStokes,
author = {Evans, J. and Hughes, T. J. R.},
institution = {ICES},
keywords = {dpg},
number = {12-03},
posted-at = {2013-11-19 19:39:17},
priority = {2},
title = {Isogeometric Divergence-conforming {B}-splines for the {D}arcy-{S}tokes-{B}rinkman Equations},
year = {2012}
}

techreport{EvansHughesSteadyNavierStokes,
author = {Evans, J. and Hughes, T. J. R.},
institution = {ICES},
keywords = {dpg},
number = {12-15},
posted-at = {2013-11-19 19:39:17},
priority = {2},
title = {Isogeometric Divergence-conforming {B}-splines for the Steady {N}avier-{S}tokes Equations},
year = {2012}
}

phdthesis{EvansThesis,
author = {Evans, J.},
keywords = {dpg},
posted-at = {2013-11-19 19:39:16},
priority = {2},
school = {University of Texas at Austin},
title = {Divergence-free {B}-spline Discretizations for Viscous Incompressible Flows},
year = {2011}
}

article{ErnGuermondCaplain07,
author = {Ern, Alexandre and Guermond, Jean-Luc and Caplain, Gilbert},
journal = {Communications in partial differential equations},
keywords = {dpg},
number = {2},
pages = {317--341},
posted-at = {2013-11-19 19:39:16},
priority = {2},
title = {An intrinsic criterion for the bijectivity of {H}ilbert Operators related to {F}riedrichs' systems},
volume = {32},
year = {2007}
}

book{ErnGuermond04,
author = {Ern, Alexandre and Guermond, Jean-Luc},
keywords = {dpg},
posted-at = {2013-11-19 19:39:16},
priority = {2},
publisher = {Spinger-{V}erlag},
series = {Applied Mathematical Sciences},
title = {Theory and Practice of Finite Elements},
volume = {159},
year = {2004}
}

article{ErnGuermond06,
author = {Ern, Alexandre and Guermond, Jean-Luc},
journal = {SIAM J. Numer. Anal.},
keywords = {dpg},
number = {2},
pages = {753--778},
posted-at = {2013-11-19 19:39:16},
priority = {2},
title = {Discontinuous {G}alerkin methods for {F}riedrichs' systems. {P}art {I}. {G}eneral theory},
volume = {44},
year = {2006}
}

article{ErnGuermond08,
author = {Ern, Alexandre and Guermond, Jean-Luc},
journal = {SIAM J. Numer. Anal.},
keywords = {dpg},
number = {2},
pages = {776--804},
posted-at = {2013-11-19 19:39:16},
priority = {2},
title = {Discontinuous {G}alerkin methods for {F}riedrichs' systems. {P}art {III}. {M}ultifield theories with partial coercivity},
volume = {46},
year = {2008}
}

article{Doering2009,
abstract = {{It is not known whether the three-dimensional (3D) incompressible Navier-Stokes equations possess unique smooth (continuously differentiable) solutions at high Reynolds numbers. This problem is quite important for basic science, practical applications, and numerical computations. This review presents a selective survey of the current state of the mathematical theory, focusing on the technical source of difficulties encountered with the construction of smooth solutions. It also highlights physical phenomena behind the mathematical challenges.}},
author = {Doering, Charles R.},
doi = {10.1146/annurev.fluid.010908.165218},
journal = {Annu. Rev. Fluid Mech.},
keywords = {dpg, navier-stokes},
number = {1},
pages = {109--128},
posted-at = {2013-11-19 19:39:16},
priority = {2},
title = {{The 3D Navier-Stokes Problem}},
url = {http://dx.doi.org/10.1146/annurev.fluid.010908.165218},
volume = {41},
year = {2009}
}

article{ZoltanOverviewArticle,
author = {Devine, Karen and Boman, Erik and Heaphy, Robert and Hendrickson, Bruce and Vaughan, Courtenay},
journal = {Computing in Science and Engineering},
keywords = {dpg},
number = {2},
pages = {90--97},
posted-at = {2013-11-19 19:39:16},
priority = {2},
title = {{Zoltan} Data Management Services for Parallel Dynamic Applications},
volume = {4},
year = {2002}
}

article{DO86_2,
author = {Demkowicz, L. and Oden, J. T.},
journal = {Comput. Methods Appl. Mech. Engrg.},
keywords = {dpg},
number = {1-2},
pages = {65--87},
posted-at = {2013-11-19 19:39:16},
priority = {2},
title = {An Adaptive Characteristic {Petrov-Galerkin} Finite Element Method for Convection-Dominated Linear and Nonlinear Parabolic Problems in Two Space Variables},
volume = {55},
year = {1986}
}

article{DO86_1,
author = {Demkowicz, L. and Oden, J. T.},
journal = {Journal of Computational Physics},
keywords = {dpg},
number = {1},
pages = {188--273},
posted-at = {2013-11-19 19:39:16},
priority = {2},
title = {An Adaptive Characteristic {Petrov-Galerkin} Finite Element Method for Convection-Dominated Linear and Nonlinear Parabolic Problems in One Space Variable},
volume = {68},
year = {1986}
}

article{DORH91,
author = {Demkowicz, L. and Oden, J. T. and Rachowicz, W. and Hardy, O.},
journal = {Comput. Methods Appl. Mech. Engrg.},
keywords = {dpg},
number = {3},
pages = {363--396},
posted-at = {2013-11-19 19:39:16},
priority = {2},
title = {An $hp$ {Taylor-Galerkin} Finite Element Method for Compressible {Euler} Equations},
volume = {88},
year = {1991}
}

article{DemkowiczCNS1990,
author = {Demkowicz, L. and Oden, J. T. and Rachowicz, R.},
journal = {Comput. Methods Appl. Mech. Engrg.},
keywords = {dpg},
pages = {275--326},
posted-at = {2013-11-19 19:39:16},
priority = {2},
title = {A New Finite Element Method for Solving Compressible { Navier-Stokes} Equations Based on an Operator Splitting Method and $hp$ Adaptivity},
volume = {84},
year = {1990}
}

book{hpbook2,
author = {Demkowicz, L. and Kurtz, J. and Pardo, D. and Paszy\'{n}ski, M. and Rachowicz, W. and Zdunek, A.},
keywords = {dpg},
month = oct,
posted-at = {2013-11-19 19:39:16},
priority = {2},
publisher = {Chapman \& Hall/CRC},
title = {Computing with $hp$ Finite Elements. II. Frontiers: Three-Dimensional Elliptic and Maxwell Problems with Applications},
year = {2007}
}

@article{DemkowiczHeuer,
author = {Demkowicz, L.F. and Heuer, N.},
journal = {SIAM J. Numer. Anal.},
keywords = {dpg},
number = {5},
pages = {1514--2537},
posted-at = {2013-11-19 19:39:16},
priority = {2},
title = {Robust {DPG} Method for Convection-Dominated Diffusion Problems},
volume = {51},
year = {2013}
}

@article{DPG1,
author = {Demkowicz, L.F. and Gopalakrishnan, J.},
journal = {Comput. Methods Appl. Mech. Engrg.},
keywords = {dpg},
posted-at = {2013-11-19 19:39:16},
priority = {2},
title = {A Class of Discontinuous {Petrov-Galerkin} Methods. {Part I}: {T}he Transport Equation},
year = {2009}
}

@article{DPG2,
author = {Demkowicz, L.F. and Gopalakrishnan, J.},
journal = {Numer. Meth. Part. D. E.},
keywords = {dpg},
posted-at = {2013-11-19 19:39:16},
priority = {2},
title = {A Class of Discontinuous {P}etrov-{G}alerkin Methods. {Part II}: {O}ptimal Test Functions},
year = {2010}
}

@article{DPG3,
author = {Demkowicz, L.F. and Gopalakrishnan, J. and Niemi, A.H.},
title = {A Class of Discontinuous {P}etrov-{G}alerkin Methods. {Part III}: Adaptivity},
journal = {Appl. Numer. Math.},
issue_date = {April, 2012},
volume = {62},
number = {4},
month = apr,
year = {2012},
issn = {0168-9274},
pages = {396--427},
numpages = {32},
url = {http://dx.doi.org/10.1016/j.apnum.2011.09.002},
doi = {10.1016/j.apnum.2011.09.002},
acmid = {2151463},
publisher = {Elsevier Science Publishers B. V.},
address = {Amsterdam, The Netherlands, The Netherlands},
keywords = {Convection-dominated diffusion, Discontinuous {P}etrov-{G}alerkin, hp-Adaptivity},
} 

@techreport{DPG5,
author = {Chan, J.L. and Demkowicz, L.F. and Moser, R.D. and Roberts, N.V.},
institution = {ICES},
keywords = {dpg},
number = {25},
posted-at = {2013-11-19 19:39:16},
priority = {2},
title = {A Class of Discontinuous {P}etrov-{G}alerkin Methods. {Part V: S}olution of 1{D} {B}urgers and {N}avier-{S}tokes Equations},
year = {2010}
}

@article{DPG6,
author = {Demkowicz, L.F. and Gopalakrishnan, J.},
journal = {SIAM J. Num. Anal.},
keywords = {dpg},
number = {5},
pages = {1788--1809},
posted-at = {2013-11-19 19:39:16},
priority = {2},
title = {Analysis of the {DPG} Method for the {P}oisson Problem},
volume = {49},
year = {2011}
}

article{DemkowiczGopalakrishnanMugaEtAl11a,
author = {Demkowicz, L. and Gopalakrishnan, J. and Muga, I. and Pardo, D.},
journal = {In preparation},
keywords = {dpg},
posted-at = {2013-11-19 19:39:16},
priority = {2},
title = {A pollution free {DPG} method for multidimensional {H}elmholtz equation},
year = {2011}
}

@techreport{DPGOverview,
author = {Demkowicz, L.F. and Gopalakrishnan, J.},
institution = {ICES},
keywords = {dpg},
posted-at = {2013-11-19 19:39:16},
priority = {2},
title = {An Overview of the {DPG} Method},
year = {2013}
}

@article{PrimalDPG,
author = {Demkowicz, L.F. and Gopalakrishnan, J.},
journal = {Comp. Math. Appl.},
keywords = {dpg},
pages = {1058--1064},
posted-at = {2013-11-19 19:39:16},
priority = {2},
title = {A Primal {DPG} method without a first order reformulation},
volume = {66},
year = {2013}
}

book{hpbook,
author = {Demkowicz, L.},
keywords = {dpg},
month = oct,
posted-at = {2013-11-19 19:39:16},
priority = {2},
publisher = {Chapman \& Hall/CRC Press, Taylor and Francis},
title = {Computing with $hp$ Finite Elements. I.One- and Two-Dimensional Elliptic and Maxwell Problems},
year = {2006}
}

article{CockburnKanschatSchotzauSchwab03,
author = {Cockburn, B. and Kanschat, G. and Schotzau, D. and Schwab, Ch},
journal = {SIAM J. on Num. Anal.},
keywords = {dpg},
pages = {319--343},
posted-at = {2013-11-19 19:39:16},
priority = {2},
title = {Local Discontinuous {G}alerkin Methods for the {S}tokes System},
volume = {40},
year = {2003}
}

article{Cockburn2004,
author = {Cockburn, Bernardo and Kanschat, Guido and Sch\"{o}tzau, Dominik},
journal = {Math. Comp},
keywords = {dpg},
pages = {1067--1095},
posted-at = {2013-11-19 19:39:16},
priority = {2},
title = {A locally conservative {LDG} method for the incompressible {N}avier-{S}tokes equations},
year = {2004}
}

article{Cockburn2007,
address = {New York, NY, USA},
author = {Cockburn, Bernardo and Kanschat, Guido and Sch\"{o}tzau, Dominik},
doi = {10.1007/s10915-006-9107-7},
journal = {J. Sci. Comput.},
month = may,
number = {1-2},
pages = {61--73},
posted-at = {2013-11-19 19:39:16},
priority = {2},
publisher = {Plenum Press},
title = {A Note on Discontinuous {G}alerkin Divergence-free Solutions of the {N}avier-{S}tokes Equations},
url = {http://dx.doi.org/10.1007/s10915-006-9107-7},
volume = {31},
year = {2007}
}

article{Cockburn2002,
author = {Cockburn, Bernardo and Kanschat, Guido and Sch{\"{o}}tzau, Dominik},
journal = {Math. Comp},
keywords = {dpg},
number = {246},
pages = {569--593},
posted-at = {2013-11-19 19:39:16},
priority = {2},
title = {The local discontinuous {G}alerkin method for the {O}seen equations},
volume = {73},
year = {2002}
}

article{LDGOseen,
author = {Cockburn, Bernardo and Kanschat, Guido and Sch{\"{o}}tzau, Dominik},
journal = {Computers \& Fluids},
keywords = {dpg},
pages = {491--506},
posted-at = {2013-11-19 19:39:16},
priority = {2},
title = {The local discontinuous {G}alerkin method for linearized incompressible fluid flow: a review},
volume = {34},
year = {2005}
}

article{ChowCarey87,
author = {Chow, S. S. and Carey, G. F.},
journal = {J. Austral. Math. Soc. Ser. B},
keywords = {dpg},
pages = {88--102},
posted-at = {2013-11-19 19:39:16},
priority = {2},
title = {Finite Element Error Estimates for Subsonic Flow},
year = {1987}
}

article{Chorin68,
author = {Chorin, Alexandre J.},
journal = {Math. Comp},
keywords = {dpg},
pages = {745--762},
posted-at = {2013-11-19 19:39:16},
priority = {2},
title = {Numerical solution of the {N}avier-{S}tokes equations},
volume = {22},
year = {1968}
}

@article{ChangNelson1997,
author = {Chang, C.L. and Nelson, J.J.},
journal = {SIAM J. Num. Anal.},
keywords = {dpg},
pages = {480--489},
posted-at = {2013-11-19 19:39:16},
priority = {2},
title = {Least-Squares Finite Element Method for the {S}tokes Problem with Zero Residual of Mass Conservation},
volume = {34},
year = {1997}
}

@techreport{ChanHeuerThanhDemkowicz2012,
author = {Chan, J.L. and Heuer, N. and Bui-Thanh, T. and Demkowicz, L.F.},
institution = {ICES},
keywords = {dpg},
number = {21},
posted-at = {2013-11-19 19:39:16},
priority = {2},
title = {Robust {DPG} method for convection-dominated diffusion problems {II}: {A} natural inflow condition},
year = {2012}
}

@techreport{Chan2013,
author = {Chan, J.L. and Gopalakrishnan, J. and Demkowicz, L.F.},
institution = {ICES},
keywords = {dpg},
posted-at = {2013-11-19 19:39:16},
priority = {2},
title = {Global Properties of {DPG} Test Spaces for Convection-Diffusion Problems},
year = {2013}
}

article{CausinSaccoBottasso05,
author = {Causin, P. and Sacco, R. and Bottasso, C. L.},
journal = {M2AN Math. Model. Numer. Anal.},
keywords = {dpg},
pages = {1087--1114},
posted-at = {2013-11-19 19:39:16},
priority = {2},
title = {Flux-upwind stabilization of the discontinuous {P}etrov-{G}alerkin formulation with {L}agrange multipliers for advection-diffusion problems},
volume = {39},
year = {2005}
}

article{CausinSacco05,
author = {Causin, P. and Sacco, R.},
journal = {SIAM J. Numer. Anal.},
keywords = {dpg},
posted-at = {2013-11-19 19:39:16},
priority = {2},
title = {A discontinuous {P}etrov-{G}alerkin method with {L}agrangian multipliers for second order elliptic problems},
volume = {43},
year = {2005}
}

article{Castillo00,
author = {Castillo, P. and Cockburn, B. and Perugia, I. and Sch{\"{o}}tzau, D.},
journal = {SIAM J. Numer. Anal.},
keywords = {dpg},
posted-at = {2013-11-19 19:39:16},
priority = {2},
title = {An a priori error analysis of the local discontinuous {G}alerkin method for elliptic problems},
volume = {38},
year = {2000}
}

article{FOSLS2,
address = {Philadelphia, PA, USA},
author = {Cai, Zhiqiang and Manteuffel, Thomas A. and McCormick, Stephen F.},
doi = {10.1137/S0036142994266066},
journal = {SIAM J. Numer. Anal.},
month = apr,
number = {2},
pages = {425--454},
posted-at = {2013-11-19 19:39:15},
priority = {2},
publisher = {Society for Industrial and Applied Mathematics},
title = {First-Order System Least Squares for Second-Order Partial Differential Equations: Part II},
url = {http://dx.doi.org/10.1137/S0036142994266066},
volume = {34},
year = {1997}
}

article{CaiLazarovManteuffelMcCormick94,
author = {Cai, R. and Manteuffel, T. A. and McCormick, S. F.},
journal = {SIAM J. Numer. Anal.},
keywords = {dpg},
pages = {1785--1799},
posted-at = {2013-11-19 19:39:15},
priority = {2},
title = {First-order system least squares for second-order partial differential equations. {I}},
volume = {31},
year = {1994}
}

article{FOSLS1,
address = {Philadelphia, PA, USA},
author = {Cai, Z. and Lazarov, R. and Manteuffel, T. A. and McCormick, S. F.},
doi = {10.1137/0731091},
journal = {SIAM J. Numer. Anal.},
month = dec,
number = {6},
pages = {1785--1799},
posted-at = {2013-11-19 19:39:15},
priority = {2},
publisher = {Society for Industrial and Applied Mathematics},
title = {First-order system least squares for second-order partial differential equations: part I},
url = {http://dx.doi.org/10.1137/0731091},
volume = {31},
year = {1994}
}

article{p4est,
author = {Burstedde, Carsten and Wilcox, Lucas C. and Ghattas, Omar},
doi = {10.1137/100791634},
journal = {SIAM Journal on Scientific Computing},
keywords = {dpg},
number = {3},
pages = {1103--1133},
posted-at = {2013-11-19 19:39:15},
priority = {2},
title = {{\\texttt{p4est}}: Scalable Algorithms for Parallel Adaptive Mesh Refinement on Forests of Octrees},
url = {http://dx.doi.org/10.1137/100791634},
volume = {33},
year = {2011}
}

article{Bui-ThanhDemkowiczGhattas11b,
author = {Bui-Thanh, T. and Demkowicz, L. and Ghattas, Omar},
journal = {Submitted to SIAM J. Numer. Anal.},
keywords = {dpg},
note = {Also ICES report ICES-11-34, November 2011.},
posted-at = {2013-11-19 19:39:15},
priority = {2},
title = {A Unified Discontinuous {P}etrov-{G}alerkin Method and its Analysis for {F}riedrichs' Systems},
year = {2011}
}

article{Bui-ThanhDemkowiczGhattas11a,
author = {Bui-Thanh, T. and Demkowicz, L. and Ghattas, Omar},
journal = {Math. Comp.},
keywords = {dpg},
note = {To appear},
posted-at = {2013-11-19 19:39:15},
priority = {2},
title = {Constructively well-posed approximation method with unity inf-sup and continuity constants for partial differential equations},
year = {2011}
}

techreport{BuiDemkowiczGhattas11_2,
author = {Bui-Thanh, T. and Demkowicz, L. and Ghattas, O.},
institution = {ICES},
keywords = {dpg},
number = {34},
posted-at = {2013-11-19 19:39:15},
priority = {2},
title = {A Unified Discontinuous {P}etrov-{G}alerkin Method and its Analysis for {F}riedrichs' Systems},
year = {2011}
}

book{BrezziFortin,
author = {Brezzi, F. and Fortin, M.},
keywords = {dpg},
posted-at = {2013-11-19 19:39:15},
priority = {2},
publisher = {Springer-Verlag},
series = {Springer series in computational mathematics},
title = {Mixed and hybrid finite element methods},
url = {http://books.google.com/books?id=yYwZAQAAIAAJ},
year = {1991}
}

@article{Brezzi1974,
author = {Brezzi, F.},
journal = {R.A.I.R.O., Anal. Num\'{e}r.},
keywords = {dpg},
pages = {129--151},
posted-at = {2013-11-19 19:39:15},
priority = {2},
title = {On the existence, uniqueness, and approximation of saddle point problems arising from {L}agrangian multipliers},
volume = {2},
year = {1974}
}

@techreport{BramwellDemkowiczQiu10,
author = {Bramwell, J. and Demkowicz, L.F. and Qiu, W.},
institution = {ICES},
keywords = {dpg},
number = {23},
posted-at = {2013-11-19 19:39:15},
priority = {2},
title = {Solution of Dual--Mixed Elasticity Equations Using {A}rnold--{F}alk--{W}inther Element and Discontinuous {P}etrov {G}alerkin Method. {A} Comparison},
year = {2010}
}

article{BramblePasciak04,
author = {Bramble, J. H. and Pasciak, J. E.},
journal = {Math. Comp.},
keywords = {dpg},
pages = {1739--1762},
posted-at = {2013-11-19 19:39:15},
priority = {2},
title = {A new approximation technique for div-curl systems},
volume = {73},
year = {2004}
}

article{BrambleLazarovPasciak97,
author = {Bramble, J. H. and Lazarov, R. D. and Pasciak, J. E.},
journal = {Math. Comp},
keywords = {dpg},
posted-at = {2013-11-19 19:39:15},
priority = {2},
title = {A least-squares approach based on a discrete minus one inner product for first order systems},
volume = {66},
year = {1997}
}

article{BottassoMichelettiSacco02,
author = {Bottasso, C. L. and Micheletti, S. and Sacco, R.},
journal = {Comput. Methods Appl. Mech. Engrg.},
keywords = {dpg},
pages = {3391--3409},
posted-at = {2013-11-19 19:39:15},
priority = {2},
title = {The discontinuous {P}etrov-{G}alerkin method for elliptic problems},
volume = {191},
year = {2002}
}

article{BottassoMichelettiSacco05,
author = {Bottasso, C. L. and Micheletti, S. and Sacco, R.},
journal = {Comput. Methods Appl. Mech. Engrg.},
keywords = {dpg},
pages = {2819--2838},
posted-at = {2013-11-19 19:39:15},
priority = {2},
title = {A multiscale formulation of the discontinuous {P}etrov-{G}alerkin method for advective-diffusive problems},
volume = {194},
year = {2005}
}

incollection{BoffiBrezziFortin,
author = {Boffi, D. and Brezzi, F. and Fortin, M.},
booktitle = {Lecture Notes in Mathematics},
keywords = {dpg},
pages = {45--100},
posted-at = {2013-11-19 19:39:15},
priority = {2},
publisher = {Springer},
title = {Finite Elements for the {S}tokes Problem},
volume = {1939},
year = {2008}
}

article{Intrepid,
author = {Bochev, Pavel B. and Kirby, Robert C. and Peterson, Kara J. and Ridzal, Denis},
journal = {http://trilinos.sandia.gov/packages/intrepid/},
keywords = {dpg},
posted-at = {2013-11-19 19:39:15},
priority = {2},
title = {Intrepid Project}
}

inbook{Bochev,
author = {Bochev, Pavel B. and Gunzberger, Max D.},
keywords = {dpg},
pages = {114--128},
posted-at = {2013-11-19 19:39:15},
priority = {2},
publisher = {Springer},
series = {Applied Mathematical Sciences},
title = {Least-Squares Finite Element Methods},
volume = {166},
year = {2009}
}

article{BochevLehoucq,
author = {Bochev, Pavel and Lehoucq, R. B.},
journal = {SIAM Review},
keywords = {dpg},
month = mar,
number = {1},
pages = {55--66},
posted-at = {2013-11-19 19:39:15},
priority = {2},
title = {On the Finite Element Solution of the Pure {N}eumann Problem},
volume = {47},
year = {2005}
}

@article{Bochev2010,
author = {Bochev, P. and Lai, J. and Olson, L.},
journal = {Int. J. Numer. Methods Fluids},
keywords = {dpg},
pages = {782--804},
posted-at = {2013-11-19 19:39:15},
priority = {2},
title = {A locally conservative, discontinuous least-squares finite element method for the {S}tokes equations},
volume = {68},
year = {2010}
}

article{BarboneHarari01,
author = {Barbone, P. E. and Harari, I.},
journal = {Comput. Methods Appl. Mech. Engrg.},
keywords = {dpg},
posted-at = {2013-11-19 19:39:15},
priority = {2},
title = {Nearly \$H^1\$-optimal Finite Element Methods},
volume = {190},
year = {2001}
}

inproceedings{BangerthKanschat99,
author = {Bangerth, Wolfgang and Kanschat, Guido},
booktitle = {Preprint 43, SFB 359},
keywords = {dpg},
posted-at = {2013-11-19 19:39:15},
priority = {2},
title = {Concepts for object-oriented finite element software -- the deal.{II} library},
year = {1999}
}

article{dealiiwithp4est,
author = {Bangerth, Wolfgang and Burstedde, Carsten and Heister, Timo and Kronbichler, Martin},
journal = {ACM Transactions on Mathematical Software},
keywords = {dpg},
number = {2},
posted-at = {2013-11-19 19:39:15},
priority = {2},
title = {Algorithms and Data Structures for Massively Parallel Generic Adaptive Finite Element Codes},
volume = {38},
year = {2011}
}

article{BanasDemkowicz96,
author = {Bana\'{s}, K. and Demkowicz, L.},
journal = {Journal of Computational Physics},
keywords = {dpg},
pages = {181--201},
posted-at = {2013-11-19 19:39:14},
priority = {2},
title = {Entropy Controlled Adaptive Finite Element Simulations for Compressible Gas Flow},
volume = {126},
year = {1996}
}

article{BabuskaOdenLee77,
author = {Babu\v{s}ka, I. and Oden, J. T. and Lee, J. K.},
journal = {Comput. Methods Appl. Mech. Engrg.},
keywords = {dpg},
number = {2},
pages = {175--206},
posted-at = {2013-11-19 19:39:14},
priority = {2},
title = {Mixed-hybrid finite element approximations of second-order elliptic boundary value problems},
volume = {14},
year = {1977}
}

article{BabuskaOdenLee78,
author = {Babu\v{s}ka, I. and Oden, J. T. and Lee, J. K.},
journal = {Comput. Methods Appl. Mech. Engrg.},
keywords = {dpg},
number = {1},
pages = {1--22},
posted-at = {2013-11-19 19:39:14},
priority = {2},
title = {Mixed-hybrid finite element approximations of second-order elliptic boundary value problems. {II. Weak}-hybrid methods.},
volume = {14},
year = {1978}
}

article{BabuskaCalozOsborn94,
author = {Babu{\v{s}}ka, Iv and Caloz, G. and Osborn, E.},
journal = {SIAM J. Numer. Anal.},
keywords = {dpg},
pages = {945--981},
posted-at = {2013-11-19 19:39:14},
priority = {2},
title = {Special Finite Element Methods for a Class of Second Order Elliptic Problems with Rough Coefficients},
year = {1994}
}

book{BabuskaAziz72,
address = {New York},
annote = {pp.\~{}1--359},
author = {Babu{\v{s}}ka, I. and Aziz, A. K.},
keywords = {dpg},
note = {With the collaboration of G. Fix and R. B. Kellogg},
posted-at = {2013-11-19 19:39:14},
priority = {2},
publisher = {Academic Press},
title = {Survey lectures on the mathematical foundations of the finite element method, in The mathematical foundations of the finite element method with applications to partial differential equations ({P}roc. {S}ympos., {U}niv. {M}aryland, {B}altimore, {M}d., 1972)},
year = {1972}
}

@article{Babuska70,
author = {Babu{\v{s}}ka, I.},
journal = {Numer. Math},
keywords = {dpg},
posted-at = {2013-11-19 19:39:14},
priority = {2},
title = {Error-bounds for finite element method},
volume = {16},
year = {1970/1971}
}

article{AFW:2007:MMEW,
author = {Arnold, D. N. and Falk, R. S. and Winther, R.},
journal = {Math. Comp.},
keywords = {dpg},
pages = {1699--1723},
posted-at = {2013-11-19 19:39:14},
priority = {2},
title = {Mixed finite element methods for linear elasticity with weakly imposed symmetry},
volume = {76},
year = {2007}
}

article{AinsworthWajid09,
author = {Ainsworth, M. and Wajid, H.},
journal = {University of Strathclyde Mathmatics Research Report},
keywords = {dpg},
number = {12},
posted-at = {2013-11-19 19:39:14},
priority = {2},
title = {Optimally blended spectral-finite element scheme for wave propagation, and non-standard reduced integration},
year = {2009}
}

book{AinsworthOden00,
address = {New York},
author = {Ainsworth, M. and Oden, J. T.},
keywords = {dpg},
posted-at = {2013-11-19 19:39:14},
priority = {2},
publisher = {Wiley and Sons, Inc.},
title = {A Posteriori Error Estimation in Finite Element Analysis},
year = {2000}
}

article{TrilinosShortAuthors,
address = {New York, NY, USA},
author = {Et Al},
doi = {http://doi.acm.org/10.1145/1089014.1089021},
journal = {ACM Trans. Math. Softw.},
keywords = {dpg},
number = {3},
pages = {397--423},
posted-at = {2013-11-19 19:39:14},
priority = {2},
publisher = {ACM Press},
title = {{An overview of the Trilinos project}},
url = {http://dx.doi.org/http://doi.acm.org/10.1145/1089014.1089021},
volume = {31},
year = {2005}
}

@article{CockburnShuDG,
title = "The {R}unge-{K}utta Discontinuous {G}alerkin Method for Conservation Laws {V}: {M}ultidimensional Systems ",
journal = "J. Comp. Phys.",
volume = "141",
number = "2",
pages = "199 - 224",
year = "1998",
issn = "0021-9991",
doi = "http://dx.doi.org/10.1006/jcph.1998.5892",
url = "http://www.sciencedirect.com/science/article/pii/S0021999198958922",
author = "B. Cockburn and C. Shu"
}

@article{DGStabilization,
title = "Stabilization mechanisms in discontinuous {G}alerkin finite element methods ",
journal = "Comput. Methods in Appl. Mech. Eng.",
volume = "195",
number = "25–28",
pages = "3293 - 3310",
year = "2006",
note = "Discontinuous {G}alerkin Methods ",
issn = "0045-7825",
doi = "http://dx.doi.org/10.1016/j.cma.2005.06.015",
url = "http://www.sciencedirect.com/science/article/pii/S0045782505002707",
author = "F. Brezzi and B. Cockburn and L.D. Marini and E. Süli",
keywords = "Discontinuous Galerkin methods",
keywords = "Stabilization mechanisms "
}

@article{HDG,
 author = {Cockburn, B. and Gopalakrishnan, J. and Lazarov, R.},
 title = {Unified Hybridization of Discontinuous {G}alerkin, Mixed, and Continuous {G}alerkin Methods for Second Order Elliptic Problems},
 journal = {SIAM J. Numer. Anal.},
 issue_date = {February 2009},
 volume = {47},
 number = {2},
 month = feb,
 year = {2009},
 issn = {0036-1429},
 pages = {1319--1365},
 numpages = {47},
 url = {http://dx.doi.org/10.1137/070706616},
 doi = {10.1137/070706616},
 acmid = {1654315},
 publisher = {Society for Industrial and Applied Mathematics},
 address = {Philadelphia, PA, USA},
 keywords = {continuous methods, discontinuous Galerkin methods, elliptic problems, hybrid methods, mixed methods},
} 

@article{FriedSpaceTime,
Annote = {doi: 10.2514/3.5299},
Author = {Fried, I. },
Booktitle = {AIAA Journal},
Date = {1969/06/01},
Doi = {10.2514/3.5299},
Isbn = {0001-1452},
Journal = {AIAA J.},
Number = {6},
Pages = {1170--1173},
Publisher = {American Institute of Aeronautics and Astronautics},
Title = {Finite-element analysis of time-dependent phenomena},
Volume = {7},
Year = {1969},
}

@article {OdenSpaceTime,
author = {Oden, J.T.},
title = {A general theory of finite elements. {II}. {A}pplications},
journal = {Int. J. Numer. Meth. Eng.},
volume = {1},
number = {3},
publisher = {John Wiley & Sons, Ltd},
issn = {1097-0207},
url = {http://dx.doi.org/10.1002/nme.1620010304},
doi = {10.1002/nme.1620010304},
pages = {247--259},
year = {1969},
}

@article{ArgyrisSpaceTime,
title = "Finite elements in time and space ",
journal = "Nucl. Eng. Des. ",
volume = "10",
number = "4",
pages = "456 - 464",
year = "1969",
note = "",
issn = "0029-5493",
doi = "http://dx.doi.org/10.1016/0029-5493(69)90081-8",
url = "http://www.sciencedirect.com/science/article/pii/0029549369900818",
author = "J.H. Argyris and D.W. Scharpf"
}

@article{HughesSpaceTimeElastoDynamics,
title = "Space-time finite element methods for elastodynamics: Formulations and error estimates ",
journal = "Comput. Methods in Appl. Mech. Eng.",
volume = "66",
number = "3",
pages = "339 - 363",
year = "1988",
note = "",
issn = "0045-7825",
doi = "http://dx.doi.org/10.1016/0045-7825(88)90006-0",
url = "http://www.sciencedirect.com/science/article/pii/0045782588900060",
author = "T.J.R. Hughes and G.M. Hulbert"
}

@article{Tezduyar1992,
title = "A new strategy for finite element computations involving moving boundaries and interfaces -- 
{T}he deforming-spatial-domain/space-time procedure: {I}. 
{T}he concept and the preliminary numerical tests",
journal = "Comput. Methods in Appl. Mech. Eng.",
volume = "94",
number = "3",
pages = "339 - 351",
year = "1992",
note = "",
issn = "0045-7825",
doi = "http://dx.doi.org/10.1016/0045-7825(92)90059-S",
url = "http://www.sciencedirect.com/science/article/pii/004578259290059S",
author = "T.E. Tezduyar and M. Behr and J. Liou"
}

@article{Aliabadi1993,
title = "Space-time finite element computation of compressible flows involving moving boundaries and interfaces ",
journal = "Comput. Methods in Appl. Mech. Eng.",
volume = "107",
number = "1–2",
pages = "209 - 223",
year = "1993",
note = "",
issn = "0045-7825",
doi = "http://dx.doi.org/10.1016/0045-7825(93)90176-X",
url = "http://www.sciencedirect.com/science/article/pii/004578259390176X",
author = "S.K. Aliabadi and T.E. Tezduyar"
}

@article{vanderVegtEuler,
title = "Space–Time Discontinuous {G}alerkin Finite Element Method with Dynamic Grid Motion for Inviscid Compressible Flows: {I}. General Formulation ",
journal = "J. Comp. Phys.",
volume = "182",
number = "2",
pages = "546 - 585",
year = "2002",
note = "",
issn = "0021-9991",
doi = "http://dx.doi.org/10.1006/jcph.2002.7185",
url = "http://www.sciencedirect.com/science/article/pii/S0021999102971858",
author = "J.J.W. van der Vegt and H. van der Ven"
}

@article{KlaijCompressible,
title = "Space–time discontinuous {G}alerkin method for the compressible {N}avier–{S}tokes equations ",
journal = "J. Comp. Phys.",
volume = "217",
number = "2",
pages = "589 - 611",
year = "2006",
note = "",
issn = "0021-9991",
doi = "http://dx.doi.org/10.1016/j.jcp.2006.01.018",
url = "http://www.sciencedirect.com/science/article/pii/S0021999106000246",
author = "C.M. Klaij and J.J.W. van der Vegt and H. van der Ven",
keywords = "Compressible {N}avier–{S}tokes equations",
keywords = "Discontinuous Galerkin finite element methods",
keywords = "Numerical fluxes",
keywords = "Arbitrary Lagrangian Eularian (ALE) formulation "
}

@inproceedings{TentPitcher,
Author = {A. {\"U}ng{\"o}r},
Organization = {9th Internat. Meshing Roundtable},
Pages = {111-122},
Title = {{T}ent-{P}itcher: A meshing algorithm for space-time discontinuous {G}alerkin methods},
Year = {2000}
}

@article{GCL,
title = "Geometric conservation laws for flow problems with moving boundaries and deformable meshes, and their impact on aeroelastic computations ",
journal = "Comput. Methods in Appl. Mech. Eng.",
volume = "134",
number = "1–2",
pages = "71 - 90",
year = "1996",
note = "",
issn = "0045-7825",
doi = "http://dx.doi.org/10.1016/0045-7825(96)01028-6",
url = "http://www.sciencedirect.com/science/article/pii/0045782596010286",
author = "M. Lesoinne and C. Farhat"
}

@article{RhebergenHDG,
title = "A space–time hybridizable discontinuous {G}alerkin method for incompressible flows on deforming domains ",
journal = "J. Comp. Phys.",
volume = "231",
number = "11",
pages = "4185 - 4204",
year = "2012",
note = "",
issn = "0021-9991",
doi = "http://dx.doi.org/10.1016/j.jcp.2012.02.011",
url = "http://www.sciencedirect.com/science/article/pii/S0021999112000903",
author = "S. Rhebergen and B. Cockburn",
keywords = "Space–time hybridizable discontinuous Galerkin method",
keywords = "Incompressible {N}avier–{S}tokes",
keywords = "Oseen equations",
keywords = "Deforming domains "
}

@article{HughesSpaceTime,
title = "A space-time formulation for multiscale phenomena ",
journal = "J. Comput. Appl. Math. ",
volume = "74",
number = "1–2",
pages = "217 - 229",
year = "1996",
note = "",
issn = "0377-0427",
doi = "http://dx.doi.org/10.1016/0377-0427(96)00025-8",
url = "http://www.sciencedirect.com/science/article/pii/0377042796000258",
author = "T.J.R. Hughes and J.R. Stewart",
}

@article{Gopalakrishnan2014,
author = {Gopalakrishnan, J. and Muga, I. and Olivares, N.},
title = {Dispersive and Dissipative Errors in the {DPG} Method with Scaled Norms for Helmholtz Equation},
journal = {SIAM J. Sci. Comput.},
volume = {36},
number = {1},
pages = {A20-A39},
year = {2014},
doi = {10.1137/130918186},
}

@article{DPGHelmholtz,
title = "Wavenumber explicit analysis of a \{DPG\} method for the multidimensional Helmholtz equation ",
journal = "Comput. Methods in Appl. Mech. Eng.",
volume = "213–216",
number = "0",
pages = "126 - 138",
year = "2012",
note = "",
issn = "0045-7825",
doi = "http://dx.doi.org/10.1016/j.cma.2011.11.024",
url = "http://www.sciencedirect.com/science/article/pii/S0045782511003707",
author = "L.F. Demkowicz and J. Gopalakrishnan and I. Muga and J. Zitelli",
}

@article{BramwellDPG,
year={2012},
issn={0029-599X},
journal={Numer. Math.},
volume={122},
number={4},
doi={10.1007/s00211-012-0476-6},
title={A locking-free $hp$ {DPG} method for linear elasticity with symmetric stresses},
url={http://dx.doi.org/10.1007/s00211-012-0476-6},
publisher={Springer-Verlag},
author={Bramwell, J. and Demkowicz, L.F. and Gopalakrishnan, J. and Qiu, W.},
pages={671-707},
language={English}
}

@article{DPGCloaking,
year={2013},
issn={0178-7675},
journal={Comput. Mech.},
volume={51},
number={5},
doi={10.1007/s00466-012-0744-4},
title={Numerical simulations of cloaking problems using a {DPG} method},
url={http://dx.doi.org/10.1007/s00466-012-0744-4},
publisher={Springer-Verlag},
author={Demkowicz, L.F. and Li, J.},
pages={661-672},
language={English}
}

@techreport{WohlmuthReport,
title = { Robust operator estimates},
author = {Ch. Wieners and B. Wohlmuth},
institution={Oberwolfach Reports},
year={2013}
}

@article{DPGPoisson,
author = {Demkowicz, L.F. and Gopalakrishnan, J.},
title = {Analysis of the {DPG} Method for the {P}oisson Equation},
journal = {SIAM J. Numer. Anal.},
issue_date = {September 2011},
volume = {49},
number = {5},
month = sep,
year = {2011},
issn = {0036-1429},
pages = {1788--1809},
numpages = {22},
url = {http://dx.doi.org/10.1137/100809799},
doi = {10.1137/100809799},
acmid = {2079122},
publisher = {Society for Industrial and Applied Mathematics},
address = {Philadelphia, PA, USA},
} 

@article{DPGMultiscale,
author = {Bottasso, C. and Micheletti, S. and Sacco, R.},
title = {A multiscale formulation of the Discontinuous {P}etrov-{G}alerkin method for advective-diffusive problems},
journal = "Comput. Methods in Appl. Mech. Eng.",
year = 2005,
month = July,
volume = 194,
pages = {2819-2838},
doi = {10.1016/j.cma.2004.07.024},
adsurl = {http://adsabs.harvard.edu/abs/2005CMAME.194.2819B},
adsnote = {Provided by the SAO/NASA Astrophysics Data System}
}

@article{DPGMixed,
author = {Dahmen, W. and Huang, C. and Schwab, C. and Welper, G.},
title = {Adaptive {P}etrov-{G}alerkin Methods for First Order Transport Equations},
journal = {SIAM J. Numer. Anal.},
volume = {50},
number = {5},
pages = {2420-2445},
year = {2012},
doi = {10.1137/110823158},
URL = {http://epubs.siam.org/doi/abs/10.1137/110823158},
eprint = {http://epubs.siam.org/doi/pdf/10.1137/110823158}
}

@article{CamelliaDPG,
author = {Roberts, N.V.},
journal = {Comp. Math. Appl.},
title = {Camellia: A Software Framework for Discontinuous {P}etrov-{G}alerkin Methods},
year = {2014},
note = {submitted}
}

incollection{DPGOverviewPublished,
year={2014},
isbn={978-3-319-01817-1},
booktitle={Recent Developments in Discontinuous {G}alerkin Finite Element Methods for Partial Differential Equations},
volume={157},
series={The IMA Volumes in Mathematics and its Applications},
editor={Feng, X. and Karakashian, O. and Xing, Y.},
doi={10.1007/978-3-319-01818-8_6},
title={An Overview of the Discontinuous {P}etrov-{G}alerkin Method},
url={http://dx.doi.org/10.1007/978-3-319-01818-8_6},
publisher={Springer International Publishing},
author={Demkowicz, L.F. and Gopalakrishnan, J.},
pages={149-180},
language={English}
}

@InBook{DPGOverview2,
author={Demkowicz, L.F. and Gopalakrishnan, J.},
title={Recent Developments in Discontinuous {G}alerkin Finite Element Methods for Partial Differential Equations (eds. {X. Feng, O. Karakashian, Y. Xing}) },
chapter={An Overview of the {DPG} Method},
publisher={{IMA} Volumes in Mathematics and its Applications},
year={2014},
volume={157},
pages={149-180},
} 

@article{DemkowiczTransientAcoustics,
author = {Safjan, A. and Demkowicz, L. and Oden, J.T.},
title = "{Adaptive finite element methods for hyperbolic systems with application to transient acoustics}",
journal = {Int. J. Numer. Meth. Eng.},
year = 1991,
month = sep,
volume = 32,
pages = {677-707},
doi = {10.1002/nme.1620320405},
adsurl = {http://adsabs.harvard.edu/abs/1991IJNME..32..677S},
adsnote = {Provided by the SAO/NASA Astrophysics Data System}
}

@article{Abedi2006,
title = "A space–time discontinuous {G}alerkin method for linearized elastodynamics with element-wise momentum balance ",
journal = "Comput. Methods in Appl. Mech. Eng.",
volume = "195",
number = "25–28",
pages = "3247 - 3273",
year = "2006",
note = "Discontinuous Galerkin Methods ",
issn = "0045-7825",
doi = "http://dx.doi.org/10.1016/j.cma.2005.06.013",
url = "http://www.sciencedirect.com/science/article/pii/S0045782505002689",
author = "R. Abedi and B. Petracovici and R.B. Haber",
keywords = "Discontinuous Galerkin",
keywords = "Spacetime",
keywords = "Finite element",
keywords = "Elastodynamics",
keywords = "Shocks "
}

@article{Kaczkowski1975,
title = {The method of finite space-time elements in dynamics of structures},
journal = {J. Tech. Phys.},
volume = {16},
number = {1},
pages = {69 - 84},
year = {1975},
author = {Z. Kaczkowski},
}
