@InBook{DPGOverview,
author={Demkowicz, L.F. and Gopalakrishnan, J.},
title={Recent Developments in Discontinuous {G}alerkin Finite Element Methods for Partial Differential Equations (eds. {X. Feng, O. Karakashian, Y. Xing}) },
chapter={An Overview of the {DPG} Method},
publisher={{IMA} Volumes in Mathematics and its Applications},
year={2014},
volume={157},
pages={149-180},
} 

@article{CamelliaDPG,
author = {Roberts, N.V.},
journal = {Comp. Math. Appl.},
title = {Camellia: A Software Framework for Discontinuous {P}etrov-{G}alerkin Methods},
year = {2014},
volume = "68",
number = "11",
pages = "1581 - 1604",
note = "Minimum Residual and Least Squares Finite Element Methods ",
}

@article{EllisLC,
author = {Ellis, T.E. and Demkowicz, L.F. and Chan, J.L.},
journal = {Comp. Math. Appl.},
title = {Locally Conservative Discontinuous {P}etrov-{G}alerkin Finite Elements For Fluid Problems},
year = {2014},
volume = "68",
number = "11",
pages = "1530 - 1549",
}

ARTICLE{MoroNguyenPeraire11,
	author = {Moro, D. and Nguyen, N.~C. and Peraire, J.},
	title = {A hybridized discontinuous {P}etrov-{G}alerkin scheme for scalar
    conservation laws},
	journal = {Int. J. Meth. Eng.},
	year = {2011},
}

TECHREPORT{ChanHeuerThanhDemkowicz2012,
  author = {J. Chan and N. Heuer and T. Bui-Thanh and L. Demkowicz},
  title = {Robust {DPG} method for convection-dominated diffusion problems
    {I}{I}:
    {A} natural inflow condition},
  institution = {ICES},
  year = {2012},
  number = {21}
}

TECHREPORT{EllisDemkowiczChan2013,
  author = {T. Ellis and L. Demkowicz and J. Chan},
  title = {Locally Conservative Discontinuous {P}etrov-{G}alerkin Finite
Elements for Fluid Problems},
  institution = {ICES},
  year = {2013},
  number = {xx}
}

ARTICLE{Chang1997,
	author = {Chang, C. and Nelson, J.},
	title = {Least-squares finite element method for the {S}tokes problem with zero residual of mass conservation},
	journal = {SIAM J. Numer. Anal.},
	year = {1997},
}
